1987 3006
168 199 383 271 paxestafe
401 196 591 252 dehere.
636 200 684 253 O
703 199 939 252 sublimis
958 197 1241 252 sententia?
1265 214 1296 248 o
1317 214 1426 249 vox
1443 235 1457 255 ,
1481 214 1602 270 quae
1627 210 1804 251 totam

169 282 308 334 illius
355 279 520 332 animi
563 277 989 348 magnitudinem
1033 294 1137 328 una
1173 275 1410 328 declarat
1433 316 1444 327 .
1488 277 1539 327 Si
1575 274 1807 327 Philoso-

170 361 309 430 phus
331 399 345 419 ,
368 371 428 409 ut
445 356 655 409 Platoni
690 356 821 408 olim
839 356 891 406 in
908 355 1050 406 votis
1073 352 1177 405 fuit
1196 394 1210 414 ,
1243 352 1547 423 reipublicae
1572 354 1805 405 habenas

169 434 453 506 capesseret
478 475 491 494 ,
516 432 647 505 quid
669 449 908 504 unquam
930 431 1174 492 nobiliuS‚
1194 430 1323 502 quid
1348 431 1503 482 altius
1527 447 1594 481 ex
1615 431 1808 482 intima

169 512 514 583 Philosophia
555 510 870 580 depromere
904 506 1070 579 posset
1092 512 1107 561 ?
1152 508 1234 559 At
1274 507 1405 578 quid
1438 523 1539 576 ego
1575 505 1808 561 Philoso-

170 593 357 662 phiam
384 591 564 658 cogito
588 629 602 649 ,
639 605 756 659 quae
773 586 1081 638 sublimibus
1113 583 1337 656 quidem
1357 582 1805 654 disputationibus

170 666 556 740 praeceptisque
594 664 642 716 se
681 666 732 716 in
770 664 967 731 vulgus
993 663 1194 730 jastare
1218 701 1232 722 ,
1277 658 1363 711 sed
1397 661 1528 712 nihil
1546 675 1810 731 praeterea

168 742 390 798 firmum
421 746 472 796 ὃ(
491 742 725 794 constans
760 742 813 792 in
831 742 1072 791 animum
1094 738 1344 790 inducere
1364 736 1493 791 solet
1514 742 1530 789 ?
1574 738 1720 810 de
1743 754 1811 790 ex

168 824 416 875 humanis
434 821 638 873 artibus
663 816 975 870 institutisve
999 817 1238 886 accipere
1261 817 1442 886 potuit
1458 855 1473 876 ,
1495 830 1601 887 quo
1624 814 1672 868 se
1691 832 1812 867 con-

169 914 255 952 tra
276 915 463 951 omnes
494 897 840 966 voluptatum
875 894 1149 946 illecebras
1172 894 1403 945 muniret
1426 921 1442 956 3
1485 909 1592 964 quo
1637 891 1811 963 super-

169 978 313 1028 biam
336 1016 351 1037 ,
388 977 437 1026 in
471 973 651 1027 medio
676 973 866 1041 Regiae
887 970 1168 1039 dignitatis
1205 969 1484 1040 splendore
1507 1011 1523 1032 ,
1554 971 1809 1040 reprime-

171 1067 289 1115 ret‚·
334 1068 475 1123 quO,
510 1050 775 1121 supremae
811 1048 1192 1100 dominationis
1215 1049 1472 1100 comitem
1496 1085 1510 1105 ,
1547 1048 1812 1116 impoten-

172 1133 303 1183 tiam
321 1130 485 1181 animi
513 1139 783 1180 coerceret
811 1130 827 1177 ?
870 1124 1195 1195 Hujusmodi
1212 1123 1445 1177 monstra
1477 1122 1677 1177 nonnisi
1708 1141 1813 1177 coe-

173 1205 289 1260 lesti
312 1206 514 1258 virtute
538 1204 818 1265 edomari,
849 1205 903 1255 &
929 1203 1225 1255 conculcari
1247 1200 1456 1272 possunt
1479 1248 1490 1258 ,
1534 1204 1639 1252 Haec
1659 1199 1717 1265 est
1737 1208 1812 1252 vi-

173 1285 319 1336 AE‘oria
338 1323 352 1344 ,
392 1299 491 1353 qztae
532 1287 685 1333 vincit
705 1278 939 1332 mumdum
955 1309 971 1342 ,-
1007 1276 1138 1330 Fides
1171 1276 1321 1345 nostra
1341 1322 1352 1334 .
1396 1280 1530 1333 Haec
1568 1281 1814 1331 animum

174 1361 336 1429 erigit
352 1399 366 1419 ‚
386 1373 547 1430 atque
570 1360 622 1410 in
641 1357 861 1411 sublime
880 1358 1021 1411 tollit
1038 1399 1053 1420 ,
1069 1358 1220 1429 eique
1241 1358 1602 1409 humanarum
1626 1373 1814 1409 rerum

171 1439 454 1492 levitatem
476 1435 702 1489 ostendit
728 1482 739 1492 .
775 1437 914 1490 Haec
936 1476 951 1498 ,
974 1436 1198 1508 inquam
1221 1475 1236 1496 ,
1264 1435 1671 1502 magnanimum
1695 1434 1816 1486 Cae-

172 1516 343 1569 sarem
359 1556 376 1577 ,
393 1529 605 1568 terrena
626 1515 806 1567 omnia
824 1554 839 1575 ,
860 1514 1033 1566 veluti
1054 1512 1202 1565 fluxa
1222 1527 1281 1562 ac
1302 1510 1519 1579 fragilia
1536 1551 1551 1572 ,
1584 1507 1814 1580 despice-

173 1611 229 1646 re
248 1633 263 1653 ,
280 1593 414 1645 nihil
435 1634 450 1654 ,
472 1607 671 1663 praeter
692 1609 856 1644 unam
875 1593 1140 1643 virtutem
1159 1629 1174 1650 ,
1193 1590 1378 1657 magni
1399 1587 1572 1641 facere
1599 1587 1785 1640 docuit
1803 1630 1814 1641 .

329 1671 411 1724 At
443 1687 548 1723 non
569 1671 621 1722 in
645 1669 736 1722 illo
761 1665 893 1719 Fides
924 1666 1092 1719 otiosa
1109 1679 1254 1726 erat,
1289 1681 1409 1736 quae
1433 1666 1564 1718 nihil
1587 1672 1817 1732 percari-

171 1765 322 1803 tatem
343 1759 615 1813 operaretur
639 1767 652 1801 :
686 1748 870 1800 Deum
908 1761 976 1797 ex
996 1745 1174 1796 animo
1211 1743 1383 1796 colere
1403 1783 1418 1805 ‚
1453 1761 1512 1795 ac
1532 1743 1780 1796 venerari
1796 1771 1814 1805 ς

174 1826 488 1897 supremum
511 1825 588 1877 illi
605 1826 866 1877 honorem
885 1822 1091 1892 publice
1110 1822 1306 1873 habere
1328 1848 1344 1883 3
1375 1820 1518 1874 statis
1539 1819 1647 1873 diei
1665 1821 1817 1874 horis

176 1920 361 1973 preces
382 1902 638 1964 fundere3
680 1900 915 1970 singulos
933 1899 1186 1952 solemnes
1216 1915 1314 1968 per
1338 1916 1536 1951 annum
1557 1897 1671 1949 dies
1693 1913 1818 1949 curn

175 1978 405 2034 Ecclesia
425 1981 477 2031 in
500 1980 608 2032 Dei
636 1979 784 2032 cultu
808 1978 1085 2031 traducere
1111 2004 1125 2038 ;
1167 1976 1284 2028 haec
1305 2017 1321 2038 ,
1346 1990 1507 2047 atque
1528 1975 1631 2027 alia
1653 1974 1818 2045 pluri-

175 2074 266 2111 ma
287 2099 303 2121 ,
323 2058 511 2129 quibus
536 2054 729 2109 assidue
753 2057 1101 2109 exercebatur
1120 2092 1136 2113 ‚
1169 2054 1442 2123 religionis
1466 2049 1637 2105 officia
1658 2090 1673 2110 ,
1695 2050 1817 2104 satis

180 2136 454 2196 evincunt,
478 2134 610 2187 nihil
629 2133 706 2185 illi
729 2135 952 2186 caritate
972 2134 1024 2185 in
1043 2135 1225 2186 Deum
1244 2147 1304 2183 ac
1322 2133 1521 2202 pietate
1543 2129 1814 2200 antiquius

178 2210 325 2264 fuisse
348 2253 359 2263 .
403 2211 596 2263 Talem
615 2208 712 2263 effe
734 2212 981 2282 oportuit
998 2251 1014 2273 ‚
1044 2211 1135 2282 qui
1154 2211 1523 2278 ingeneratam
1557 2224 1587 2259 a
1606 2207 1815 2276 majori-

175 2291 273 2341 bus
315 2289 647 2360 praecipuam
687 2287 988 2359 quamdam
1031 2287 1306 2356 religionis
1340 2285 1554 2338 laudem
1586 2324 1602 2346 ,
1646 2283 1818 2336 veluti

175 2365 480 2419 hereditate
505 2365 767 2427 relictam,
787 2382 892 2417 una
911 2380 1036 2416 curn
1059 2364 1285 2434 Imperii
1306 2363 1482 2431 gloria
1504 2358 1780 2432 accepisset
1797 2386 1817 2422 ς

176 2445 228 2495 in
258 2459 446 2496 eorum
481 2459 614 2496 vero
637 2455 920 2512 parentum
953 2441 1161 2510 gremio
1197 2438 1453 2491 educatus
1486 2437 1610 2492 effet
1631 2477 1648 2500 ,
1682 2437 1819 2489 Leo·

173 2520 327 2591 poldi
344 2560 360 2581 ,
379 2521 597 2592 inquam
616 2557 631 2578 ,
649 2534 811 2591 atque
829 2518 1106 2570 Eleonorae
1127 2517 1312 2586 Augg.
1330 2557 1347 2579 ,
1364 2531 1594 2588 quorum
1617 2530 1819 2567 memo*

177 2599 255 2649 ria
273 2610 533 2667 perpetuo
556 2596 701 2669 apud
720 2593 1005 2649 Ecclesiam
1039 2599 1088 2644 in
1112 2590 1422 2645 benedieiione
1442 2599 1531 2644 erit
1549 2633 1560 2645 .
1599 2590 1820 2645 Praecla-

177 2691 298 2728 rum
319 2690 483 2743 porro
501 2716 517 2737 ,
550 2673 1038 2744 admirandumque
1058 2669 1416 2741 spectaculum
1439 2674 1448 2721 ἔ
1494 2664 1820 2722 Maximum·

177 2751 474 2821 principem
490 2753 544 2805 in
565 2752 713 2804 omni
730 2751 945 2821 pietatis
967 2746 1140 2802 officio
1160 2747 1380 2803 subditis
1402 2745 1619 2821 populis
1637 2760 1819 2799 exem-

1725 2819 1819 2893 plo
