1987 3006
189 233 491 290 commodis
528 235 824 306 patefaela.
864 238 1024 310 QOd
1062 237 1099 290 si
1135 239 1440 294 humilioris
1469 240 1698 296 fortunae
1729 244 1823 296 ho·-

187 315 399 368 minum
432 310 710 381 singularis
746 314 859 366 laus
895 314 996 376 est,
1039 316 1280 369 animum
1306 318 1565 370 abducere
1587 336 1617 372 a
1638 323 1822 389 pravis

190 391 608 461 cupiditatibuS,
646 391 836 461 quibus
875 391 1156 460 explendis
1191 407 1251 446 ut
1271 393 1567 463 plurimum
1599 395 1824 450 facultas

229 466 327 519 eest
344 507 357 528 ,
378 465 532 538 seque
557 465 626 518 ad
644 468 883 525 virtutis,
906 468 1271 541 dostrinaeque
1290 468 1458 523 studia
1475 485 1790 526 convertere
1809 501 1827 536 3

190 542 323 616 quid
344 543 631 596 dicendum
655 543 984 598 demaximo
1004 563 1131 616 rege
1150 587 1165 608 ,
1182 548 1275 620 qui
1293 549 1580 601 contemtis
1604 548 1828 602 circum-

187 619 473 674 fidentium
493 634 656 692 atque
682 624 1026 677 avocantium
1060 624 1406 694 voluptatum
1423 623 1692 678 blanditiis
1712 665 1728 687 ,
1749 625 1827 680 so-

188 698 355 752 lidam
373 739 390 760 ,
431 716 491 751 ac
526 700 646 751 viro
689 700 928 772 principe
970 699 1193 771 dignam
1216 700 1531 773 sapientiam
1572 700 1828 756 confesta-

191 791 276 830 tus
307 776 412 829 est?

346 855 539 927 Neque
584 870 714 906 vero
751 854 1059 924 hujusmodi
1095 856 1441 926 voluptatum
1466 856 1597 927 fuga
1633 856 1828 927 asperae

190 929 462 1000 cujusdam
489 949 550 983 ac
568 931 719 983 rudis,
748 947 954 985 naturae
976 933 1113 986 vitio
1134 934 1414 987 tribuenda
1438 933 1507 986 est
1526 974 1543 996 ,
1574 952 1694 1005 quae
1713 934 1830 987 illas

190 1025 296 1061 non
332 1006 546 1060 consilio
570 1025 630 1060 ac
645 1008 847 1077 judicio
884 1027 914 1063 a
931 1008 980 1062 se
1004 1025 1278 1064 averteret
1295 1052 1312 1073 ,
1346 1009 1432 1063 sed
1451 1028 1563 1080 prae
1586 1010 1829 1081 superbia

190 1100 351 1158 atque
369 1085 675 1157 imperandi
693 1086 1257 1160 libidine,relinqueret
1271 1089 1467 1157 potius,
1483 1101 1644 1159 atque
1664 1087 1833 1157 asper-¹

189 1178 410 1217 nasetur
432 1204 443 1215 .
474 1163 621 1237 Qud
638 1165 781 1216 enim
802 1164 1003 1218 Carolo
1023 1164 1239 1219 Caesare
1260 1167 1311 1217 in
1331 1167 1478 1218 omni
1503 1166 1618 1218 vita
1640 1165 1831 1218 huma-

189 1243 307 1293 nius
341 1255 434 1293 aut
456 1241 624 1294 lenius
644 1239 780 1294 fuit?
812 1243 943 1315 Qis
965 1244 1158 1311 majori
1179 1244 1505 1312 benignitate
1534 1242 1589 1294 &
1610 1242 1831 1294 clemen-

190 1319 266 1372 tia
294 1319 587 1391 imperium
610 1322 938 1389 temperavit
963 1323 979 1371 ?
1012 1321 1144 1393 Qis
1164 1337 1402 1393 unquam
1421 1323 1507 1388 jus
1529 1321 1714 1388 regni,
1732 1336 1830 1390 per

189 1394 239 1449 se
270 1413 442 1465 grave
481 1409 643 1469 atque
675 1395 918 1450 odiosum
941 1437 958 1459 ,
999 1395 1218 1450 subditis
1252 1397 1464 1467 populis
1487 1395 1698 1450 suavius
1739 1409 1832 1450 aut

182 1473 470 1543 jucundius
507 1472 790 1544 praestitit?
835 1475 992 1529 Nihil
1032 1476 1097 1528 ab
1139 1490 1200 1527 eo
1237 1476 1563 1545 impotenter
1595 1471 1830 1532 fastum,

189 1550 324 1604 nihil
344 1553 530 1603 acerbe
561 1551 766 1604 distum
795 1573 808 1607 :
841 1552 985 1605 nulla
1013 1552 1325 1606 circaillum
1347 1564 1641 1622 apparatus
1675 1551 1831 1604 luxu-

189 1629 271 1681 ria
289 1669 304 1690 ,
336 1629 857 1700 praeterquamquod
882 1631 1106 1700 Imperii
1124 1629 1361 1699 dignitas
1379 1628 1667 1698 postularet
1688 1650 1701 1682 ε
1735 1626 1831 1678 fin-

189 1706 396 1776 gularis
433 1707 487 1757 in
519 1720 743 1759 externo
777 1706 924 1757 cultu
945 1704 1200 1757 modestia
1220 1746 1236 1766 ,
1278 1703 1485 1757 summa
1520 1706 1573 1757 in
1592 1705 1831 1777 alloquio

190 1785 421 1837 comitas
444 1822 459 1842 ‚
493 1801 617 1836 cum
636 1781 901 1851 majestate
933 1782 987 1834 &
1007 1783 1280 1852 gravitate
1305 1783 1580 1850 conjuncta
1602 1824 1613 1835 .
1657 1782 1834 1835 Nimi-

191 1877 318 1914 rum
355 1861 431 1914 ita
460 1859 636 1913 secum
661 1859 911 1913 statuerat
933 1900 950 1921 ,
987 1874 1045 1913 ut
1066 1858 1197 1912 dum
1222 1859 1478 1929 Imperii,
1514 1858 1660 1931 quod
1684 1877 1837 1929 gere-

190 1938 284 1991 bat
300 1978 316 2000 ,
346 1937 403 1989 &
422 1936 599 1990 officio
637 1937 693 1990 &
716 1935 969 2007 dignitati
995 1935 1319 1991 satisfecisset
1337 1978 1352 1999 ‚
1387 1938 1578 1990 ceteris
1602 1937 1655 1988 in
1675 1939 1831 1991 rebus

190 2016 475 2069 hominem
510 2015 558 2068 se
579 2012 675 2068 else
694 2056 710 2078 ,
742 2032 802 2068 ac
823 2014 930 2068 sola
953 2015 1187 2067 muneris
1216 2013 1311 2068 fibi
1328 2012 1585 2068 commissi
1615 2011 1835 2068 difficul-

192 2107 308 2148 tate
343 2093 398 2147 &
419 2095 692 2163 gravitate
730 2094 948 2165 reliquis
985 2093 1234 2164 praestare
1254 2093 1520 2162 cogitaret
1544 2133 1556 2144 .
1590 2091 1832 2145 Humilis

192 2170 436 2242 prosecffo
459 2210 474 2230 ‚
504 2186 666 2244 atque
706 2171 970 2224 imbecilla
1005 2187 1152 2223 mens
1183 2169 1254 2222 est
1274 2211 1291 2232 ,
1327 2186 1449 2243 quae
1469 2170 1704 2222 externis
1723 2186 1833 2223 am-

193 2248 433 2320 pliffirnae
468 2249 698 2303 fortunae
717 2248 1084 2320 splendoribus
1107 2261 1263 2318 capta
1278 2287 1294 2309 ,
1328 2264 1497 2320 neque
1513 2246 1739 2300 modurn
1760 2260 1833 2299 te-

193 2342 319 2381 nere
342 2368 360 2390 ,
400 2345 568 2399 neque
598 2326 756 2380 officii
796 2325 1089 2379 meminisse
1126 2326 1274 2378 valet
1297 2366 1309 2378 .
1352 2325 1642 2379 Sublimior
1670 2338 1832 2396 atque

196 2405 425 2458 crestior
458 2407 665 2458 animus
701 2405 904 2459 Carolo
940 2403 1078 2466 fuit,
1120 2403 1318 2474 quippe
1355 2403 1450 2475 qui
1480 2400 1684 2474 aliquid
1718 2399 1828 2471 ipso

195 2480 438 2551 Imperio
460 2483 795 2553 praestantius
814 2480 1093 2552 agnoscere
1109 2479 1380 2533 fatebatur
1402 2521 1414 2533 .
1449 2481 1639 2550 Itaque
1662 2495 1831 2551 quum

197 2573 582 2633 nonnunquam
604 2578 702 2632 pro
727 2562 907 2614 oblata
927 2559 1293 2631 oportunitate
1335 2556 1540 2629 aliquid
1558 2554 1657 2627 ipsi
1677 2572 1833 2626 agen-

197 2634 332 2689 dum
362 2653 757 2709 proponeretur
777 2679 793 2700 ,
832 2638 979 2710 quod
1002 2638 1055 2688 in
1077 2637 1216 2690 illius
1234 2635 1526 2689 utilitatem
1544 2647 1796 2703 vergeret
1813 2675 1830 2697 ,

197 2708 327 2766 fidei
352 2732 481 2768 vero
503 2715 633 2769 olim
655 2715 797 2769 datae
833 2726 1160 2787 repugnaret
1180 2753 1197 2777 ,
1240 2713 1294 2764 in
1316 2729 1434 2767 eam
1469 2711 1603 2784 saepe
1635 2711 1834 2765 senten-

196 2788 333 2845 tiam
347 2794 514 2848 verba
527 2791 655 2848 fecit
668 2809 811 2849 :ante
820 2790 871 2866 se}
889 2799 990 2845 viri
1000 2788 1138 2862 probi
1154 2832 1170 2855 ,
1187 2807 1332 2864 quam
1353 2791 1656 2860 Imperatoris
1668 2803 1832 2858 partes¹⁴

201 2899 209 2906 ,s
1059 2898 1064 2901 -
1725 2879 1839 2934 prae-
