1987 3006
881 179 898 236 ζ
931 172 1046 223 VII
1081 176 1097 232 )

169 243 404 297 claruiffe
428 285 443 306 ,
480 242 749 297 ostendere
771 246 970 315 poffem
999 290 1010 302 .
1052 245 1153 298 Sed
1177 249 1429 319 quoniam
1466 250 1519 302 &
1544 251 1801 319 temporis

168 321 419 392 angustiae
438 321 493 372 id
518 323 740 373 minime
758 322 936 376 ferunt
955 364 970 384 ,
987 322 1040 374 &
1059 323 1353 378 sanciissimi
1373 326 1612 381 Ecclesiae
1634 326 1804 380 Pasto-

167 401 243 453 ris
262 440 278 461 ,
297 413 455 469 atque
476 396 922 468 ampliffimorum
950 399 1251 469 Religionis
1271 401 1561 455 antistitum
1579 402 1803 472 praesen-

170 477 244 529 tia
268 492 353 527 me
372 474 623 527 admonet
645 513 658 533 ,
690 490 749 528 ut
775 493 835 528 ea
866 475 1197 546 potiffimum
1221 477 1448 531 dicendo
1480 477 1763 550 persequar
1788 519 1804 539 ,

167 569 287 624 quae
311 553 362 604 in
384 550 823 605 Christianiffimo
841 554 1181 623 Imperatore
1213 555 1281 607 ad
1315 556 1586 625 religionis
1619 571 1680 607 ac
1700 556 1806 624 pie-

167 631 295 682 tatis
319 630 641 682 memoriam
678 629 820 682 clara
841 644 1004 702 atque
1037 629 1260 701 insignia
1283 631 1500 686 fuerunt
1520 659 1537 695 3
1573 633 1806 702 plurima

167 706 342 760 laudis
373 720 695 776 argumenta
726 708 1026 780 relinquam
1047 747 1062 768 ,
1100 726 1218 780 quae
1240 709 1408 762 nihilo
1432 711 1604 763 minus
1627 725 1805 761 recor-

170 783 374 837 dationi
394 784 673 837 hominum
694 797 858 856 atque
878 785 1113 837 historiae
1135 786 1441 839 concredita
1457 828 1473 848 ,
1505 787 1642 841 tanti
1662 786 1806 857 prin-

170 863 302 933 cipis
319 861 554 930 gloriam
573 861 974 915 immortalitati
1003 864 1454 918 commendabunt
1469 906 1480 917 .

324 939 450 991 Non
471 937 660 992 eodem
681 939 848 992 modo
882 939 947 991 de
970 942 1294 1011 principibus
1318 943 1450 994 viris
1473 939 1701 994 Ecclefia
1727 945 1808 1010 ju-

169 1014 347 1077 dicat,
380 1031 440 1067 ac
474 1016 741 1087 reliquum
771 1017 1058 1069 hominum
1096 1019 1292 1086 vulgus
1317 1061 1328 1070 .
1369 1019 1450 1071 Hi
1481 1019 1680 1070 etenim
1713 1018 1809 1069 hu-

166 1109 386 1146 manam
405 1091 638 1162 gloriam
657 1134 672 1156 ,
705 1109 832 1164 opes
852 1131 866 1151 ,
902 1094 1197 1164 potentiam
1220 1136 1236 1157 ,
1276 1094 1493 1147 delicias
1510 1136 1526 1156 ,
1559 1095 1805 1147 maximo

166 1171 221 1222 in
244 1171 417 1239 pretio
437 1170 693 1224 habentes
709 1210 726 1232 ,
763 1187 852 1223 cos
887 1188 952 1223 ex
972 1173 1115 1224 omni
1137 1172 1421 1224 hominum
1443 1188 1667 1224 numero
1688 1172 1805 1223 bea-

168 1248 391 1299 tiflimos
433 1262 658 1318 putant,
692 1249 784 1320 qui
821 1247 1129 1317 hujusmodi
1161 1249 1311 1302 bonis
1341 1248 1549 1302 abunde
1579 1251 1803 1301 circum-

167 1323 341 1377 fluunt
357 1364 373 1385 ,
395 1341 484 1377 eos
502 1327 683 1379 colunt
699 1367 715 1388 ,
733 1338 892 1398 atque
909 1324 1191 1395 suspiciunt
1212 1368 1227 1388 ‚
1246 1342 1406 1397 penes
1429 1341 1564 1397 quos
1581 1325 1801 1379 illorum

168 1402 453 1454 arbitrium
493 1419 553 1455 ac
583 1401 901 1473 potestatem
935 1401 1032 1454 effe
1064 1403 1402 1456 demirantur
1423 1444 1436 1456 .
1475 1403 1662 1472 Longe
1696 1403 1800 1455 alia

165 1477 410 1532 Ecclesiae
433 1519 449 1540 ,
488 1480 712 1533 coelestis
730 1480 982 1550 Magistri
1009 1480 1259 1534 doGtrina
1278 1478 1481 1533 edodiae
1503 1521 1520 1542 ,
1550 1479 1807 1533 sententia

167 1570 378 1609 manet.
422 1557 581 1628 Qod
601 1558 742 1609 enim
772 1559 835 1610 iis
855 1559 1011 1610 rebus
1034 1595 1048 1616 ,
1077 1575 1205 1628 erga
1225 1574 1356 1630 quas
1381 1557 1695 1611 mortalium
1718 1574 1805 1610 cu-

168 1633 368 1704 piditas
387 1631 559 1687 fertur
580 1674 595 1695 ,
627 1636 895 1705 principes
919 1634 1246 1704 potissimum
1283 1634 1506 1688 affluant
1529 1675 1546 1697 ,
1581 1632 1637 1685 id
1655 1634 1806 1685 nullo

167 1712 231 1764 iis
254 1712 389 1763 bono
411 1751 428 1772 ,
464 1709 554 1764 sed
578 1711 823 1763 maximo
840 1711 1078 1780 periculo
1103 1750 1118 1772 ,
1157 1724 1319 1782 atque
1337 1710 1406 1761 ad
1430 1727 1620 1764 veram
1645 1711 1810 1764 beati-

170 1789 420 1842 tudinem
442 1787 811 1861 affequendam
832 1786 1220 1857 impedimento
1239 1827 1255 1848 ,
1291 1785 1387 1839 esse
1410 1786 1559 1840 ducit
1581 1829 1591 1839 .
1634 1787 1738 1840 Sed
1771 1786 1812 1839 fi

170 1867 291 1938 quis
313 1879 498 1918 eorum
522 1906 538 1926 ,
570 1882 638 1917 ex
659 1863 966 1934 hujusmodi
987 1864 1189 1936 laqueis
1210 1881 1489 1933 emergens
1506 1905 1522 1926 ,
1553 1865 1685 1918 vitae
1704 1864 1813 1919 suae

169 1944 439 1996 rationem
459 1941 528 1995 ad
551 1941 868 1996 Christianae
889 1941 1227 1996 institutionis
1247 1959 1494 1994 normam
1515 1942 1814 1996 constanter

172 2020 395 2089 dirigit,
432 2021 574 2073 hunc
590 2018 936 2073 felicissimum
950 2018 1154 2089 judicat
1173 2057 1187 2077 ‚
1209 2021 1349 2072 hunc
1367 2018 1813 2090 sapientiffimum

169 2096 436 2169 praedicat
453 2099 624 2161 ,hunc
643 2096 985 2150 fortiffimum
1005 2098 1202 2150 merito
1225 2096 1458 2167 appellat
1474 2125 1492 2160 ,-
1521 2098 1614 2170 qui
1634 2096 1809 2151 hostes

172 2191 277 2226 non
312 2175 477 2227 modo
515 2177 738 2247 propria
769 2173 1096 2244 singulorum
1137 2176 1194 2226 vi
1231 2190 1291 2227 ac
1311 2172 1588 2227 ferocitate
1622 2177 1812 2228 timen-

171 2251 276 2304 dos
298 2292 314 2313 ,
355 2251 443 2306 sed
472 2252 613 2307 facio
633 2252 804 2306 veluti
824 2254 1040 2322 agmine
1059 2254 1112 2304 in
1128 2251 1276 2305 suam
1294 2253 1583 2322 perniciem
1610 2251 1812 2322 conspi-

172 2344 356 2383 rantes
391 2331 745 2401 prostraverit
777 2345 938 2401 atque
961 2330 1224 2382 devicerit
1246 2371 1257 2382 .

329 2409 463 2495 Qae
494 2425 666 2480 quum
686 2409 763 2461 ita
784 2405 919 2471 sint,
958 2409 1297 2460 BEAT1ss1ME
1321 2410 1513 2462 PATER
1536 2447 1551 2468 ,
1585 2422 1810 2493 ecquem

171 2485 231 2538 in
252 2487 633 2539 omnihistoria
677 2487 974 2556 principem
1007 2486 1370 2554 reperiemus,
1405 2502 1488 2537 cui
1505 2500 1609 2537 non
1641 2484 1810 2537 maxi-

171 2578 394 2615 marum
409 2564 679 2617 virtutum
709 2561 865 2616 laude
882 2563 1114 2616 Carolus
1139 2563 1241 2616 VI.
1262 2564 1580 2650 Imperator
1591 2577 1808 2649 compa-

171 2641 287 2692 rari
304 2638 496 2710 poffit?
530 2643 638 2714 Qi
671 2643 735 2694 ab
767 2638 913 2711 ipso
902 2640 1128 2693 1neuntis
1150 2641 1326 2694 aetatis
1354 2640 1619 2711 principio
1643 2640 1812 2692 maxi-

174 2717 256 2770 mi
277 2718 429 2789 regni
446 2716 807 2787 poffeffionem
830 2717 1087 2789 adethS,
1128 2731 1289 2790 atque
1309 2716 1364 2769 in
1382 2716 1593 2770 summo
1624 2719 1813 2770 huma-

175 2809 373 2851 narum
405 2812 585 2852 rerum
616 2794 826 2867 fastigio
860 2797 1149 2851 collocatus
1172 2833 1188 2855 ,
1232 2797 1414 2858 omnia
1448 2794 1813 2867 cupiditatum

175 2905 181 2909 -
1185 2873 1240 2927 A
1280 2887 1317 2940 4
1703 2873 1825 2926 irri-
