1987 3006
181 275 282 327 ego
316 257 498 314 saltem
520 260 627 328 ejus
658 260 735 312 rei
767 259 920 315 testes
941 263 1150 333 appello
1176 302 1191 324 ,
1225 278 1491 339 quotquot
1514 270 1810 340 principem

178 334 410 390 Austriae
430 335 634 390 Urbem
654 337 880 391 incolitis
903 380 918 400 ,
953 356 1087 411 quos
1109 342 1388 394 teterrima
1409 346 1669 411 graffante
1688 347 1771 399 lue
1796 389 1809 407 ‚

180 413 397 484 reliquis
420 413 608 482 procul
630 413 1028 484 aufugientibus
1055 456 1068 478 ‚
1108 433 1210 469 non
1233 418 1396 470 modo
1436 436 1703 493 nunquam
1727 423 1812 477 de-

178 488 372 552 scruit,
416 488 504 542 sed
521 531 537 552 ‚
578 494 831 564 quamvis
871 507 1126 564 corrupta
1167 495 1293 547 coeli
1332 498 1592 567 temperie
1616 539 1630 560 ,
1672 500 1809 553 inter

178 579 526 621 mortuorum
565 569 808 622 cumulos
829 610 845 632 ,
880 584 1040 641 atque
1069 574 1453 640 aegrotantium
1489 587 1693 627 turmas
1717 614 1733 637 ‚
1761 578 1814 628 in

179 644 422 696 maximo
444 645 570 698 vitae
585 647 846 717 periculo,
868 646 1124 708 versatus,
1143 666 1364 702 omnem
1387 648 1813 714 sollicitudinem,

180 721 577 792 providentiam
596 763 610 783 ,
640 723 1020 777 liberalitatem
1045 742 1106 776 eo
1127 726 1382 785 contulit,
1418 741 1477 780 ut
1503 728 1700 781 vestras
1730 747 1811 782 ca-

178 799 446 853 lamitates
466 801 731 854 minueret
762 817 821 853 ac
843 801 1142 856 sublevaret
1159 847 1170 857 .
1199 804 1311 856 Vos
1336 821 1435 874 ego
1461 804 1617 858 testor
1639 844 1654 864 ,
1677 805 1814 858 fidis-

179 875 297 929 fimi
333 877 471 930 illius
507 879 560 929 in
601 879 754 931 varia
783 877 999 932 fortuna
1041 883 1301 943 comites,
1343 898 1477 954 quos
1512 900 1572 935 ea
1603 882 1814 954 semper

179 952 524 1007 beneficentia
553 953 906 1026 prosequutus
932 955 999 1008 est
1015 995 1030 1014 ,
1061 972 1118 1010 ut
1140 975 1411 1030 nunquam
1432 975 1528 1011 vos
1546 961 1812 1029 poenitue-

178 1032 284 1088 rit,
312 1031 485 1083 natale
524 1031 694 1085 solum
731 1033 784 1084 ὅ(
817 1034 1019 1103 patrias
1053 1033 1246 1087 domos
1282 1052 1380 1105 pro
1414 1053 1474 1087 eo
1510 1035 1810 1107 reliquisse:

180 1108 298 1161 Vos
320 1149 337 1171 ,
367 1109 613 1163 veterani
635 1109 832 1166 milites
855 1149 871 1171 ,
900 1126 1036 1182 quos
1059 1110 1199 1163 senio
1231 1128 1291 1164 ac
1314 1113 1619 1165 vulneribus
1643 1113 1812 1165 confe-

177 1187 290 1239 ctos
307 1226 322 1247 ,
357 1185 691 1258 amplissimis.
708 1187 910 1239 aedibus
931 1188 1226 1241 incredibili
1250 1187 1647 1259 magnificentia
1672 1193 1812 1243 exci-

179 1265 303 1316 tatis
340 1266 582 1335 excepit,
615 1278 776 1337 atque
814 1266 981 1319 aluit:
1028 1266 1145 1316 Vos
1168 1265 1394 1337 denique
1415 1307 1430 1329 ,
1461 1265 1812 1320 infraciarum

175 1338 337 1410 ipsius
361 1342 545 1411 legum
563 1355 957 1415 contemtaeque
980 1342 1263 1412 majestatis
1281 1359 1418 1405 reOS,
1437 1360 1555 1405 VOS,
1573 1344 1811 1415 inquam,

174 1417 315 1487 ipsos
349 1419 612 1489 compello
632 1447 649 1482 3
693 1436 792 1491 pro
828 1436 1066 1491 quorum
1097 1419 1258 1472 salute
1295 1436 1353 1471 ac
1387 1421 1500 1472 vita
1542 1437 1642 1471 non
1678 1439 1814 1491 opus

173 1493 277 1548 fuit
298 1494 538 1550 Ecclesiae
557 1497 870 1550 Sacerdotes
893 1540 909 1560 ,
943 1512 1003 1551 ut
1022 1498 1152 1550 olim
1173 1537 1187 1559 ,
1207 1497 1384 1549 aulam
1411 1497 1557 1550 adire
1578 1538 1594 1560 ,
1626 1515 1810 1569 preces

176 1572 522 1643 &lacrymas
557 1572 780 1627 fundere
801 1602 816 1637 3
860 1592 1029 1647 quum
1066 1573 1524 1645 praesentissimum
1565 1577 1718 1627 vobis
1759 1577 1812 1627 in

174 1648 336 1719 ipsius
376 1650 779 1708 mansuetudine
827 1652 881 1703 ὅ(
922 1652 1205 1704 clementia
1245 1650 1556 1722 praesidium
1598 1653 1811 1704 invene-

176 1741 294 1780 ritis
315 1772 332 1786 .,

319 1803 446 1869 Jam
469 1822 600 1857 vero
617 1845 632 1867 ,
663 1806 746 1858 cui
771 1819 883 1858 tam
905 1803 1174 1857 excelsum
1210 1821 1305 1874 per
1326 1806 1510 1858 Fidem
1534 1807 1773 1860 animum
1796 1847 1813 1866 ,

176 1881 425 1938 Caritate
445 1896 629 1935 autem
648 1882 951 1935 ferventem
972 1881 1105 1935 adeo
1122 1880 1266 1934 fuiffe
1289 1883 1549 1945 vidimuS,
1566 1901 1667 1936 non
1689 1902 1814 1939 eum

176 1961 344 2012 etiam
372 1958 580 2013 summa
599 1958 916 2013 fortitudine
948 1961 1001 2013 &
1020 1958 1306 2012 constantia
1348 1960 1643 2030 praeditum
1666 1961 1815 2015 fuiffe

168 2036 571 2108 judicabimus?
614 2039 792 2091 Immo
816 2055 946 2090 vero
970 2039 1052 2090 his
1075 2038 1149 2089 ita
1175 2037 1397 2099 claruit,
1440 2052 1499 2090 ut
1529 2040 1815 2110 proprium

175 2115 253 2168 illi
285 2131 345 2168 ac
375 2115 643 2186 peculiare
665 2117 1054 2170 CONSTANTIAE
1086 2132 1146 2166 ac
1165 2116 1577 2169 FORTiTUDiNiS
1613 2114 1811 2186 insigne

176 2193 422 2247 omnium
442 2192 689 2247 consensu
707 2195 1031 2247 attributum
1047 2193 1235 2245 fuerit.
1276 2193 1376 2246 Eas
1411 2195 1668 2247 nimirum
1708 2196 1813 2246 vir-

176 2284 319 2325 tutes
342 2268 552 2342 semper
569 2273 621 2323 in
642 2270 983 2324 deliberando
1013 2270 1272 2323 consuluit
1293 2312 1309 2333 ‚
1340 2289 1425 2323 eas
1442 2273 1494 2323 in
1518 2270 1725 2341 agendo
1741 2271 1811 2324 se-

176 2362 375 2421 quutus
398 2349 467 2402 est
482 2391 494 2402 .
519 2350 684 2403 Nulla
705 2366 945 2422 unquam
967 2348 1067 2401 fuit
1091 2362 1199 2401 tam
1222 2347 1403 2418 aspera
1426 2366 1607 2401 rerum
1630 2348 1814 2410 facieS,

175 2442 282 2498 qua
302 2427 375 2479 ita
396 2428 737 2482 commoveri
765 2426 814 2480 se
829 2425 998 2498 passus
1015 2424 1078 2478 sit
1095 2466 1111 2487 ,
1142 2441 1199 2478 ut
1223 2424 1316 2478 sibi
1335 2467 1351 2488 ,
1386 2425 1595 2497 suaeque
1614 2428 1808 2480 virtuti

176 2520 239 2556 ac
263 2502 544 2574 dignitati,
579 2520 672 2560 aut
689 2506 845 2559 ullius
880 2505 1101 2557 demum
1132 2505 1340 2574 generis
1369 2502 1540 2556 officio
1585 2502 1806 2559 deeffet.

175 2581 282 2635 His
302 2581 594 2637 virtutibus
631 2585 902 2656 praecipue
923 2582 1087 2635 fretus
1101 2622 1116 2642 ,
1148 2580 1399 2634 adversos
1415 2581 1643 2636 fortunae
1665 2581 1810 2635 casus

175 2658 391 2712 fortiter
414 2659 540 2714 tulit
561 2703 578 2725 ,
616 2663 809 2735 quibus
841 2662 895 2714 ὅ(
913 2660 1048 2731 saepe
1070 2661 1197 2714 alias
1219 2697 1234 2718 ,
1266 2660 1319 2711 δέ
1342 2661 1598 2712 extremis
1617 2658 1810 2729 potissi-

176 2753 332 2790 mum
349 2738 482 2792 vitae.
498 2741 647 2794 annis
661 2781 677 2804 ,
711 2748 852 2812 (quo
870 2736 1084 2793 fortasse
1117 2738 1186 2791 ad
1209 2739 1383 2791 vitam
1405 2739 1541 2791 hanc
1560 2736 1810 2791 miseram

176 2812 421 2871 libentius
456 2817 864 2892 relinquendam
905 2830 1311 2887 compararetur
1329 2855 1344 2876 ,
1381 2820 1398 2879 >
1444 2815 1670 2870 afflistus
1714 2817 1811 2869 est.

1686 2894 1811 2964 Qu-
