1987 3006
172 221 333 275 solari
366 219 692 290 aggrediar?
733 219 821 271 Tu
846 218 986 290 ipse,
1021 221 1366 271 BEA'P18531ME
1400 218 1591 272 PATER
1617 258 1635 280 ‚
1662 219 1825 290 hujus

169 301 456 369 inopinatae
479 296 801 350 calamitatis
821 311 1042 367 accepto
1067 298 1256 349 nuncio
1277 334 1291 354 ,
1311 299 1514 351 obortis
1538 297 1827 367 lacrymiS,

171 378 348 430 statim
386 379 438 428 in
467 392 644 446 genua
681 376 1073 446 procumben3‚
1116 374 1284 427 neseio
1330 392 1397 427 an
1431 392 1623 446 parem
1669 390 1824 430 tanto

170 454 461 508 infortunio
498 455 737 506 animum
770 454 835 505 de
868 452 1032 506 Coelo
1074 451 1436 522 postulaturus
1461 493 1478 516 ,
1519 470 1583 506 an
1619 454 1827 524 impen-

169 533 353 586 dentia
381 532 559 585 forsan
580 531 715 583 Orbi
738 528 1044 584 Christiano
1086 536 1291 599 majora
1332 531 1533 582 damna
1573 531 1827 602 depreca-

168 625 362 672 turuS,
405 624 713 663 ceterorum
749 624 1086 666 moerorem,
1128 607 1662 679 trepidationemque
1701 608 1827 663 satis

168 687 556 759 comprobasti.
600 686 715 755 Ego
741 703 872 737 vero
904 684 960 736 id
992 684 1130 736 mihi
1154 682 1394 745 sumam,
1430 701 1489 739 ut
1514 685 1828 756 hujusmodi

166 766 361 818 vulnus
382 766 544 818 lenire
567 805 582 826 ,
619 765 754 815 hanc
779 761 1159 831 aegritudinem
1197 763 1441 815 oratione
1480 781 1602 815 mea
1642 764 1826 816 levare

168 860 257 895 me
276 843 416 913 posse
443 858 630 913 putem
654 847 669 893 ?
689 842 742 893 Si
764 840 829 892 de
851 838 1098 892 laudibus
1120 841 1315 911 optimi
1333 842 1595 912 principis
1617 842 1825 914 aliquas

169 935 603 972 commemorare
630 918 899 971 instituam
923 958 939 979 ,
975 934 1145 970 nonne
1185 916 1399 971 tristitia
1437 937 1505 972 ex
1528 921 1669 971 illius
1694 918 1826 972 defi-

170 997 320 1049 derio
360 1010 616 1067 percepta
651 993 767 1067 ips&
799 993 1110 1048 laudatione
1134 994 1509 1050 recrudescet?
1548 997 1617 1050 Et
1641 1011 1826 1050 tamen

168 1090 275 1128 tuce
293 1116 308 1137 ,
329 1076 489 1127 Pater
508 1112 522 1132 ‚
559 1090 689 1144 erga
707 1072 1171 1143 praeclariffimum
1191 1072 1626 1146 eariffimumque
1648 1072 1824 1127 filium

168 1152 357 1222 pietati
381 1150 812 1204 satisfaciendum
852 1148 921 1202 est
941 1177 959 1213 3
999 1151 1052 1202 &
1072 1152 1293 1204 minime
1318 1150 1473 1204 decet
1505 1150 1821 1221 religiofiffi-

168 1229 620 1299 miImperatoris
654 1227 812 1280 funus
850 1225 974 1279 ideo
1014 1226 1119 1281 fine
1143 1228 1455 1282 laudatione
1492 1227 1821 1299 tranfigere,

170 1306 318 1378 quod
338 1305 444 1377 ipse
464 1307 710 1358 omnium
732 1304 889 1358 laude
916 1304 1253 1375 digniffimus
1275 1305 1468 1359 fuerit.
1511 1306 1822 1361 Parendum

169 1384 240 1437 est
273 1385 440 1453 igitur
477 1384 702 1454 pietati,
746 1381 1116 1436 consuetudini
1150 1385 1293 1438 reste
1328 1383 1618 1446 institutae,
1651 1398 1817 1457 atque

167 1460 265 1533 ipsl
289 1461 503 1532 justitiae
525 1460 826 1534 parendum
846 1488 863 1523 3
899 1478 960 1513 ae
993 1462 1247 1514 nonnulla
1271 1460 1338 1514 de
1359 1462 1500 1515 illius
1525 1463 1820 1516 virtutibus

168 1540 395 1593 dicenda
418 1538 567 1595 sunt:
605 1541 799 1611 quibus
816 1537 855 1591 s1
881 1540 1058 1593 minus
1081 1540 1253 1593 levari
1276 1540 1480 1609 poterit
1504 1538 1661 1592 dolor
1678 1577 1694 1600 ,
1717 1540 1823 1592 hoc

165 1616 355 1671 saltem
382 1618 435 1670 in
457 1617 568 1689 ipso
604 1618 792 1670 dolore
827 1615 1084 1669 miserum
1118 1634 1178 1669 ae
1198 1615 1342 1669 triste
1372 1615 1626 1669 solatium
1650 1618 1824 1688 capie-

163 1713 289 1750 mus
312 1736 329 1757 ,
361 1696 510 1767 quod
538 1697 779 1749 maximo
799 1699 918 1766 jure
937 1694 1124 1764 lugere
1148 1711 1242 1747 nos
1265 1733 1281 1753 ,
1301 1696 1552 1748 omnibus
1574 1711 1825 1767 compro-

151 1774 447 1828 habimus,

322 1851 376 1903 Si
399 1851 537 1904 mihi
557 1851 741 1905 liceret
763 1851 1120 1922 Imperatoris
1156 1850 1345 1904 Caroli
1377 1852 1536 1909 vitae,
1570 1852 1823 1922 quamvis

161 1927 276 1980 heu
310 1945 417 1983 non
454 1928 525 1982 ad
560 1928 824 1982 senedlam
865 1927 1176 1998 produd‘tae,
1212 1942 1395 1999 partes
1431 1944 1620 1981 omnes
1655 1940 1822 2001 atque

166 2017 351 2058 aetates
375 2008 619 2059 oratione
654 2022 969 2077 percurrere
989 2047 1005 2068 ,
1038 2020 1198 2078 atque
1223 2004 1429 2076 fingula
1449 2003 1647 2076 abipso
1666 2005 1821 2060 forti-

168 2094 251 2134 ter
271 2122 287 2144 ‚
321 2080 557 2144 strenue,
587 2083 990 2155 prudenterque
1006 2081 1147 2138 fasta
1167 2100 1636 2146 commemorare,
1666 2083 1821 2138 facile

169 2174 356 2212 omnes
379 2162 573 2231 optimi
591 2162 848 2232 principis
874 2161 1030 2214 dotes
1051 2163 1103 2213 in
1122 2180 1247 2215 eum
1266 2160 1574 2215 confluxisse
1596 2162 1821 2214 demon-

168 2234 387 2289 strarem
413 2278 423 2288 .
468 2238 591 2290 Sive
624 2239 768 2290 enim
805 2239 1044 2292 maxima
1065 2241 1201 2293 bella
1223 2280 1238 2302 ,
1278 2258 1382 2294 non
1401 2239 1578 2292 solum
1603 2243 1713 2309 ejus
1735 2257 1822 2292 au-

167 2312 328 2383 spicio
353 2352 367 2372 ,
399 2313 489 2368 sed
522 2316 691 2368 etiam
710 2314 872 2385 ipfius
890 2315 1054 2370 dustu
1087 2332 1249 2390 atque
1273 2318 1503 2389 imperio
1531 2316 1677 2387 gesta
1698 2334 1821 2388 pro-

166 2408 425 2461 ponerem
446 2421 463 2456 3
500 2391 611 2445 five
627 2391 1115 2463 providentiffimas
1135 2395 1280 2464 leges
1309 2394 1642 2465 judiciorum
1660 2396 1820 2468 aequi·-

168 2469 269 2520 tati
301 2486 360 2522 ac
399 2471 728 2542 populorum
761 2471 1017 2541 regimini
1050 2471 1360 2526 constitutas
1378 2500 1395 2535 5
1433 2471 1519 2526 seu
1552 2471 1818 2546 denique,

167 2546 334 2599 totius
357 2550 640 2618 temporis,
659 2565 767 2621 quo
785 2549 1102 2601 Romanurn
1121 2551 1425 2621 Imperium
1443 2591 1458 2613 ,
1478 2564 1641 2622 atque
1657 2552 1817 2607 avitae

167 2622 384 2677 ditionis
402 2627 715 2680 Provincias
739 2627 882 2680 rexit
903 2666 917 2687 ,
937 2625 1213 2680 historiam
1235 2628 1568 2699 pertexendo
1585 2668 1603 2690 ‚
1622 2625 1838 2698 sapien--

166 2698 422 2755 tiffimam
445 2704 752 2774 reipublicae
769 2703 1290 2759 administrationem
1309 2707 1636 2778 explicarem
1654 2732 1671 2768 3
1691 2721 1818 2776 pau-

167 2793 257 2830 cos
293 2778 593 2835 admodum
631 2783 900 2854 principes
936 2783 1083 2854 pacis
1114 2783 1346 2858 bellique
1383 2784 1589 2837 artibus
1623 2799 1816 2912 aequle„‚

1717 2875 1744 2910 c
1767 2876 1817 2913 a-
