1987 3006
168 252 415 325 spiritum
437 251 529 306 fibi
551 251 787 305 constans
808 294 822 316 ,
845 251 940 307 fibi
956 251 1182 325 praesens
1200 290 1214 310 ,
1236 253 1356 305 Deo
1376 251 1545 308 fidens
1564 294 1579 316 ‚
1596 249 1804 324 gloriam

158 330 300 404 fitam
331 338 381 385 (J
402 330 620 382 honorem
660 337 710 381 in
744 327 932 382 beatam
973 327 1106 382 illam
1128 327 1417 402 Hierusalem
1455 329 1689 382 allaturus
1722 332 1809 383 ab·

167 408 364 464 scessit:
409 410 525 462 Nos
544 421 727 461 autem
751 407 971 461 miseros
1009 409 1062 460 in
1085 408 1162 460 sui
1185 406 1446 460 desiderio
1469 447 1486 470 ,
1518 409 1569 460 in
1588 410 1732 461 lustu
1755 409 1809 460 δε

166 485 434 558 squallore
451 526 467 547 ,
498 487 551 538 in
572 486 844 540 anxietate
866 503 925 538 ac
944 483 1306 556 trepidatione
1325 486 1545 557 reliquit
1567 526 1578 538 .

322 564 405 616 At
428 562 559 635 quid
581 581 703 633 eg0,
720 565 813 636 qui
835 565 1094 617 invictam
1114 560 1384 634 Hucusque
1407 564 1666 633 Principis
1689 579 1810 614 con-

164 638 412 693 stantiam
451 657 511 692 ac
540 639 912 694 fortitudinem
945 641 1367 701 commendavi,
1409 641 1697 695 lamentari
1721 640 1809 693 ad-

164 718 269 770 huc
291 759 306 779 ,
343 733 507 790 atque
529 720 769 771 animum
806 717 1135 789 despondere
1170 723 1378 789 pergo?
1411 718 1553 792 Quin
1590 718 1768 788 potius
1793 758 1807 779 ,

165 795 306 848 illius
329 796 578 866 exemplo
601 834 615 854 ,
661 794 872 865 hujusce
910 794 1055 848 casus
1091 797 1439 849 acerbitatem
1476 792 1534 846 de
1551 813 1701 847 manu
1718 797 1809 846 Dei

165 872 459 926 toleranter
496 870 724 947 suscipere
755 901 772 936 3
815 872 880 926 de
918 874 982 925 iis
1024 889 1154 925 vero
1173 911 1188 932 ‚
1232 890 1351 944 quae
1386 887 1617 926 ventura
1655 872 1771 925 sunt
1792 914 1807 934 ,

165 968 345 1002 omnem
359 947 729 1023 sollicitudinem
750 957 799 1002 in
819 953 973 1001 Deum
987 954 1212 1018 projicere
1230 990 1243 1010 ,
1262 951 1315 1001 &
1339 950 1474 1002 mihi
1494 950 1547 1002 &
1564 950 1678 1002 aliis
1698 947 1808 1001 sua-

163 1026 264 1080 deo
287 1032 303 1080 ?
335 1029 459 1082 Hoc
479 1028 664 1080 melius
686 1055 699 1090 ;
732 1028 835 1080 hoc
855 1069 870 1089 ,
890 1029 1111 1100 inquam
1128 1026 1465 1090 ,faciendum
1485 1026 1664 1080 censeo
1688 1049 1700 1082 ε
1738 1027 1806 1080 Et

162 1105 312 1178 quod
333 1106 486 1158 initio
511 1103 629 1157 fieri
650 1104 791 1176 posse
817 1107 1042 1174 negavi,
1082 1119 1142 1158 ut
1164 1105 1401 1176 aiiquam
1424 1102 1619 1157 scilicet
1660 1120 1806 1156 com-

162 1184 315 1235 muni
337 1182 514 1235 dolori
548 1181 962 1236 consolationem
982 1183 1295 1235 adhiberem
1320 1222 1337 1243 ‚
1377 1199 1512 1233 nunc
1543 1180 1599 1233 id
1622 1181 1803 1253 aliquo

161 1261 322 1332 pasto
342 1261 582 1314 obtinere
620 1277 723 1312 non
747 1259 1034 1331 desperabo
1059 1301 1070 1312 .
1113 1258 1274 1333 Quod
1298 1259 1438 1311 enim
1476 1257 1543 1311 ad
1564 1257 1807 1329 pientissi-

160 1338 238 1391 mi
271 1338 629 1410 Imperatoris
663 1339 871 1391 obitum
909 1339 1101 1390 attinet
1118 1377 1136 1399 ,
1178 1338 1276 1388 vix
1308 1337 1449 1387 hunc
1485 1336 1670 1404 lugere
1711 1352 1804 1388 nos

163 1413 318 1468 decet
337 1456 351 1476 ,
370 1433 534 1488 quem
552 1414 752 1468 nonnisi
771 1414 1008 1485 gradum
1031 1416 1079 1467 ei
1099 1412 1247 1467 fuisse
1266 1412 1333 1466 ad
1354 1412 1609 1482 Regnum
1630 1412 1804 1465 multo

159 1492 493 1562 praestantius
534 1510 657 1546 cum
691 1495 846 1562 Rege
865 1493 1087 1563 Regum
1121 1504 1383 1563 perpetuo
1422 1490 1767 1544 obtinendum
1790 1531 1804 1550 ‚

158 1571 360 1623 merito
378 1568 700 1623 confidimus
720 1612 730 1623 .
762 1571 898 1644 Quae
915 1588 1047 1623 vero
1069 1569 1267 1622 damna
1288 1567 1410 1621 inde
1429 1582 1687 1621 eventura
1708 1567 1804 1620 ess‘e

160 1664 453 1708 veremur,
472 1649 534 1701 iis
552 1649 670 1719 plus
690 1666 848 1719 aequo
864 1647 1225 1707 commoveri,
1250 1659 1467 1715 paterna
1488 1661 1580 1699 nos
1605 1645 1800 1716 optimi

158 1724 413 1778 Numinis
430 1726 777 1796 providentia
797 1737 989 1779 vetat:
1024 1724 1360 1793 Sperandum
1390 1720 1460 1774 est
1491 1724 1631 1776 enim
1652 1729 1804 1798 quod

166 1821 213 1859 is
233 1819 348 1873 ,qui
384 1804 487 1854 hoc
524 1802 635 1872 ipso
671 1819 805 1854 anno
842 1800 1158 1853 diuturnam
1179 1797 1420 1852 Ecclesiae
1443 1797 1803 1863 viduitatem,

159 1877 579 1947 religiosiffimO‚
613 1877 1021 1949 sapientissimo,
1055 1878 1261 1948 optimo
1296 1876 1520 1929 demum
1542 1875 1802 1931 Pontifice

158 1956 214 2007 in
235 1957 380 2009 Petri
403 1956 685 2010 Cathedra
723 1955 1037 2014 constituto,
1074 1954 1272 2008 solatus
1310 1953 1413 2014 est,
1445 1953 1592 2007 idem
1627 1955 1677 2006 in
1710 1970 1804 2006 va-

158 2048 320 2085 cuum
364 2034 588 2104 Imperii
623 2033 864 2086 Romani
905 2032 1137 2095 solium,
1180 2031 1248 2084 ad
1285 2028 1576 2085 Christiani
1616 2031 1801 2102 populi

156 2108 506 2180 praesidium,
538 2109 607 2163 ad
626 2109 868 2165 Ecclesiae
891 2111 1124 2164 tutelam
1165 2126 1224 2161 ac
1246 2109 1641 2179 patrocinium,
1659 2109 1800 2178 prin-

156 2187 334 2256 cipem
351 2189 533 2241 virum
553 2190 702 2243 omni
716 2205 911 2258 genere
931 2187 1104 2241 laudis
1122 2186 1491 2257 praestantem‚
1523 2184 1795 2238 concordi-

155 2265 252 2318 bus
270 2264 577 2319 Elec'torum
593 2264 856 2337 suffragiis
875 2308 891 2329 ‚
909 2282 1075 2337 quarn
1094 2263 1332 2317 citissime
1347 2263 1654 2334 subrogabit
1674 2303 1685 2314 .

800 2420 1159 2471 FINIS.

796 2671 1164 2725 ROMAE

403 2753 563 2822 Typis
601 2754 820 2824 Bernabo
843 2790 858 2812 ,
897 2758 944 2803 &
979 2753 1263 2809 Lazzarini‚
1297 2769 1558 2799 Moccxt.

545 2843 1012 2883 SUPERIOR‘DM
1047 2841 1421 2880 PERMISSU.
