<?xml version="1.0" encoding="UTF-8"?>
<!DOCTYPE html PUBLIC "-//W3C//DTD XHTML 1.0 Transitional//EN"
    "http://www.w3.org/TR/xhtml1/DTD/xhtml1-transitional.dtd">
<html xmlns="http://www.w3.org/1999/xhtml" xml:lang="en" lang="en">
 <head>
  <title>
</title>
<meta http-equiv="Content-Type" content="text/html;charset=utf-8" />
  <meta name='ocr-system' content='tesseract 3.04.00' />
  <meta name='ocr-capabilities' content='ocr_page ocr_carea ocr_par ocr_line ocrx_word'/>
</head>
<body>
  <div class='ocr_page' id='page_1' title='image "./infunerecarolivi00bosc/infunerecarolivi00bosc_0014.png"; bbox 0 0 1987 3006; ppageno 0'>
   <div class='ocr_carea' id='block_1_1' title="bbox 174 137 1839 2775">
    <p class='ocr_par' dir='ltr' id='par_1_1' title="bbox 898 137 1121 205">
     <span class='ocr_line' id='line_1_1' title="bbox 898 137 1121 205; baseline 0.027 -15"><span class='ocrx_word' id='word_1_1' title='bbox 898 146 915 205; x_wconf 81' lang='grc'>&lt;</span> <span class='ocrx_word' id='word_1_2' title='bbox 949 137 1065 190; x_wconf 74' lang='grc' dir='ltr'><strong>ΧΠ</strong></span> <span class='ocrx_word' id='word_1_3' title='bbox 1106 142 1121 196; x_wconf 66' lang='lat' dir='ltr'><strong>‘i</strong></span> 
     </span>
    </p>

    <p class='ocr_par' dir='ltr' id='par_1_2' title="bbox 175 213 1839 2154">
     <span class='ocr_line' id='line_1_2' title="bbox 185 213 1837 285; baseline -0.003 -12"><span class='ocrx_word' id='word_1_4' title='bbox 185 218 426 273; x_wconf 78' lang='lat' dir='ltr'><strong>Ecclesiae</strong></span> <span class='ocrx_word' id='word_1_5' title='bbox 457 220 651 271; x_wconf 80' lang='lat' dir='ltr'>Senatu</span> <span class='ocrx_word' id='word_1_6' title='bbox 688 213 1023 285; x_wconf 75' lang='lat' dir='ltr'><strong>designatus,</strong></span> <span class='ocrx_word' id='word_1_7' title='bbox 1068 216 1275 268; x_wconf 86' lang='lat' dir='ltr'><strong>Verum</strong></span> <span class='ocrx_word' id='word_1_8' title='bbox 1313 232 1417 269; x_wconf 86' lang='lat' dir='ltr'><strong>non</strong></span> <span class='ocrx_word' id='word_1_9' title='bbox 1448 215 1535 268; x_wconf 89' lang='lat' dir='ltr'><strong>ille</strong></span> <span class='ocrx_word' id='word_1_10' title='bbox 1568 216 1726 285; x_wconf 81' lang='lat' dir='ltr'><strong>hujus</strong></span> <span class='ocrx_word' id='word_1_11' title='bbox 1748 215 1837 268; x_wconf 81' lang='lat' dir='ltr'><strong>ad-·</strong></span> 
     </span>
     <span class='ocr_line' id='line_1_3' title="bbox 181 292 1836 367; baseline -0.002 -16"><span class='ocrx_word' id='word_1_12' title='bbox 181 312 407 352; x_wconf 82' lang='lat' dir='ltr'><strong>ventum</strong></span> <span class='ocrx_word' id='word_1_13' title='bbox 430 324 447 358; x_wconf 75' lang='lat'>3</span> <span class='ocrx_word' id='word_1_14' title='bbox 487 309 542 348; x_wconf 92' lang='lat' dir='ltr'><strong>at</strong></span> <span class='ocrx_word' id='word_1_15' title='bbox 567 292 698 366; x_wconf 83' lang='lat' dir='ltr'><strong>quid</strong></span> <span class='ocrx_word' id='word_1_16' title='bbox 721 292 843 346; x_wconf 91' lang='lat' dir='ltr'><strong>dico</strong></span> <span class='ocrx_word' id='word_1_17' title='bbox 877 293 1177 347; x_wconf 83' lang='lat' dir='ltr'><strong>adventum</strong></span> <span class='ocrx_word' id='word_1_18' title='bbox 1205 299 1220 346; x_wconf 76' lang='grc' dir='ltr'><strong><em>ἓ</em></strong></span> <span class='ocrx_word' id='word_1_19' title='bbox 1252 311 1420 367; x_wconf 82' lang='lat' dir='ltr'><strong>neque</strong></span> <span class='ocrx_word' id='word_1_20' title='bbox 1446 294 1836 364; x_wconf 70' lang='lat' dir='ltr'><strong>profectionem</strong></span> 
     </span>
     <span class='ocr_line' id='line_1_4' title="bbox 182 369 1838 446; baseline -0.003 -18"><span class='ocrx_word' id='word_1_21' title='bbox 182 375 595 446; x_wconf 61' lang='lat' dir='ltr'><strong>exspedlandam</strong></span> <span class='ocrx_word' id='word_1_22' title='bbox 619 369 712 424; x_wconf 86' lang='lat' dir='ltr'><strong>fibi</strong></span> <span class='ocrx_word' id='word_1_23' title='bbox 734 370 831 424; x_wconf 83' lang='lat' dir='ltr'><strong>effe</strong></span> <span class='ocrx_word' id='word_1_24' title='bbox 850 371 1009 424; x_wconf 80' lang='lat' dir='ltr'><strong>duxit</strong></span> <span class='ocrx_word' id='word_1_25' title='bbox 1030 414 1042 426; x_wconf 91' lang='lat'><strong>.</strong></span> <span class='ocrx_word' id='word_1_26' title='bbox 1088 372 1436 443; x_wconf 79' lang='lat' dir='ltr'><strong>Simulatque</strong></span> <span class='ocrx_word' id='word_1_27' title='bbox 1468 372 1838 442; x_wconf 86' lang='lat' dir='ltr'><strong>impendentia</strong></span> 
     </span>
     <span class='ocr_line' id='line_1_5' title="bbox 183 448 1835 522; baseline -0.003 -17"><span class='ocrx_word' id='word_1_28' title='bbox 183 453 458 522; x_wconf 72' lang='lat' dir='ltr'><strong>Religioni</strong></span> <span class='ocrx_word' id='word_1_29' title='bbox 491 449 729 521; x_wconf 84' lang='lat' dir='ltr'><strong>pericula</strong></span> <span class='ocrx_word' id='word_1_30' title='bbox 750 491 766 513; x_wconf 87' lang='lat'>,</span> <span class='ocrx_word' id='word_1_31' title='bbox 801 449 1121 505; x_wconf 85' lang='lat' dir='ltr'><strong>Christianis</strong></span> <span class='ocrx_word' id='word_1_32' title='bbox 1142 451 1393 520; x_wconf 88' lang='lat' dir='ltr'><strong>gentibus</strong></span> <span class='ocrx_word' id='word_1_33' title='bbox 1430 448 1628 502; x_wconf 88' lang='lat' dir='ltr'><strong>damna</strong></span> <span class='ocrx_word' id='word_1_34' title='bbox 1652 451 1835 502; x_wconf 85' lang='lat' dir='ltr'><strong>animo</strong></span> 
     </span>
     <span class='ocr_line' id='line_1_6' title="bbox 181 526 1837 601; baseline -0.001 -20"><span class='ocrx_word' id='word_1_35' title='bbox 181 528 469 601; x_wconf 72' lang='lat' dir='ltr'><strong>perspexit,</strong></span> <span class='ocrx_word' id='word_1_36' title='bbox 492 526 603 600; x_wconf 88' lang='lat' dir='ltr'><strong>ipsa</strong></span> <span class='ocrx_word' id='word_1_37' title='bbox 624 531 733 596; x_wconf 84' lang='lat' dir='ltr'><strong>ejus</strong></span> <span class='ocrx_word' id='word_1_38' title='bbox 756 530 947 598; x_wconf 88' lang='lat' dir='ltr'><strong>pietas,</strong></span> <span class='ocrx_word' id='word_1_39' title='bbox 972 526 1081 598; x_wconf 86' lang='lat' dir='ltr'><strong>ipsa</strong></span> <span class='ocrx_word' id='word_1_40' title='bbox 1106 533 1215 597; x_wconf 86' lang='lat' dir='ltr'><strong>ejus</strong></span> <span class='ocrx_word' id='word_1_41' title='bbox 1234 528 1412 580; x_wconf 80' lang='lat' dir='ltr'><strong>virtus</strong></span> <span class='ocrx_word' id='word_1_42' title='bbox 1432 526 1607 579; x_wconf 88' lang='lat' dir='ltr'><strong>statim</strong></span> <span class='ocrx_word' id='word_1_43' title='bbox 1640 527 1837 589; x_wconf 83' lang='lat' dir='ltr'><strong>Italiae,</strong></span> 
     </span>
     <span class='ocr_line' id='line_1_7' title="bbox 180 604 1837 678; baseline -0.001 -19"><span class='ocrx_word' id='word_1_44' title='bbox 180 607 445 678; x_wconf 74' lang='lat' dir='ltr'><strong>Europae,</strong></span> <span class='ocrx_word' id='word_1_45' title='bbox 486 606 683 660; x_wconf 71' lang='lat' dir='ltr'><strong>Romae</strong></span> <span class='ocrx_word' id='word_1_46' title='bbox 720 624 781 659; x_wconf 92' lang='lat' dir='ltr'><strong>ac</strong></span> <span class='ocrx_word' id='word_1_47' title='bbox 803 607 1079 675; x_wconf 73' lang='lat' dir='ltr'><strong>Religioni</strong></span> <span class='ocrx_word' id='word_1_48' title='bbox 1099 623 1262 676; x_wconf 84' lang='lat' dir='ltr'><strong>opem</strong></span> <span class='ocrx_word' id='word_1_49' title='bbox 1282 604 1446 666; x_wconf 84' lang='lat' dir='ltr'><strong>tulit;</strong></span> <span class='ocrx_word' id='word_1_50' title='bbox 1488 605 1837 657; x_wconf 85' lang='lat' dir='ltr'><strong>imminentes</strong></span> 
     </span>
     <span class='ocr_line' id='line_1_8' title="bbox 179 680 1837 758; baseline -0.002 -22"><span class='ocrx_word' id='word_1_51' title='bbox 179 683 414 738; x_wconf 84' lang='lat' dir='ltr'><strong>Urbium</strong></span> <span class='ocrx_word' id='word_1_52' title='bbox 457 686 829 758; x_wconf 79' lang='lat' dir='ltr'><strong>populationes</strong></span> <span class='ocrx_word' id='word_1_53' title='bbox 850 723 864 744; x_wconf 92' lang='lat'><strong><em>,</em></strong></span> <span class='ocrx_word' id='word_1_54' title='bbox 898 683 1122 736; x_wconf 76' lang='lat' dir='ltr'><strong>AEdium</strong></span> <span class='ocrx_word' id='word_1_55' title='bbox 1159 681 1432 734; x_wconf 87' lang='lat' dir='ltr'><strong>sacrarum</strong></span> <span class='ocrx_word' id='word_1_56' title='bbox 1468 680 1837 751; x_wconf 79' lang='lat' dir='ltr'><strong>direptioneS,</strong></span> 
     </span>
     <span class='ocr_line' id='line_1_9' title="bbox 179 758 1839 833; baseline -0.001 -20"><span class='ocrx_word' id='word_1_57' title='bbox 179 777 445 831; x_wconf 79' lang='lat' dir='ltr'><strong>agrorum</strong></span> <span class='ocrx_word' id='word_1_58' title='bbox 473 764 779 817; x_wconf 81' lang='lat' dir='ltr'><strong>vastitatem</strong></span> <span class='ocrx_word' id='word_1_59' title='bbox 800 804 815 825; x_wconf 89' lang='lat'>‚</span> <span class='ocrx_word' id='word_1_60' title='bbox 857 761 1182 833; x_wconf 81' lang='lat' dir='ltr'><strong>populorum</strong></span> <span class='ocrx_word' id='word_1_61' title='bbox 1204 758 1437 828; x_wconf 88' lang='lat' dir='ltr'><strong>stragem</strong></span> <span class='ocrx_word' id='word_1_62' title='bbox 1460 760 1659 811; x_wconf 78' lang='lat' dir='ltr'><strong>avertit</strong></span> <span class='ocrx_word' id='word_1_63' title='bbox 1679 786 1695 822; x_wconf 83' lang='lat'>3</span> <span class='ocrx_word' id='word_1_64' title='bbox 1734 759 1839 812; x_wconf 87' lang='lat' dir='ltr'><strong>bel-</strong></span> 
     </span>
     <span class='ocr_line' id='line_1_10' title="bbox 178 835 1838 913; baseline -0.005 -16"><span class='ocrx_word' id='word_1_65' title='bbox 178 844 294 897; x_wconf 78' lang='lat' dir='ltr'><strong>lum</strong></span> <span class='ocrx_word' id='word_1_66' title='bbox 331 845 633 896; x_wconf 80' lang='lat' dir='ltr'><strong>maximum</strong></span> <span class='ocrx_word' id='word_1_67' title='bbox 667 842 720 893; x_wconf 84' lang='lat'>&amp;</span> <span class='ocrx_word' id='word_1_68' title='bbox 740 837 1099 913; x_wconf 84' lang='lat' dir='ltr'><strong>periculosum</strong></span> <span class='ocrx_word' id='word_1_69' title='bbox 1130 852 1316 890; x_wconf 89' lang='lat' dir='ltr'><strong>contra</strong></span> <span class='ocrx_word' id='word_1_70' title='bbox 1353 835 1559 889; x_wconf 86' lang='lat' dir='ltr'><strong>hostem</strong></span> <span class='ocrx_word' id='word_1_71' title='bbox 1586 835 1838 906; x_wconf 89' lang='lat' dir='ltr'><strong>potentis-</strong></span> 
     </span>
     <span class='ocr_line' id='line_1_11' title="bbox 178 913 1834 986; baseline -0.005 -12"><span class='ocrx_word' id='word_1_72' title='bbox 178 919 374 974; x_wconf 81' lang='lat' dir='ltr'><strong>fimum</strong></span> <span class='ocrx_word' id='word_1_73' title='bbox 391 962 406 983; x_wconf 93' lang='lat'>,</span> <span class='ocrx_word' id='word_1_74' title='bbox 425 939 484 974; x_wconf 85' lang='lat' dir='ltr'><strong>ac</strong></span> <span class='ocrx_word' id='word_1_75' title='bbox 505 919 705 972; x_wconf 87' lang='lat' dir='ltr'><strong>recenti</strong></span> <span class='ocrx_word' id='word_1_76' title='bbox 723 919 949 972; x_wconf 58' lang='lat' dir='ltr'><strong>vistoria</strong></span> <span class='ocrx_word' id='word_1_77' title='bbox 969 917 1169 970; x_wconf 86' lang='lat' dir='ltr'><strong>elatum</strong></span> <span class='ocrx_word' id='word_1_78' title='bbox 1189 956 1204 977; x_wconf 96' lang='lat'>,</span> <span class='ocrx_word' id='word_1_79' title='bbox 1224 917 1277 968; x_wconf 91' lang='lat' dir='ltr'><strong>in</strong></span> <span class='ocrx_word' id='word_1_80' title='bbox 1294 914 1343 967; x_wconf 90' lang='lat' dir='ltr'><strong>se</strong></span> <span class='ocrx_word' id='word_1_81' title='bbox 1363 913 1608 986; x_wconf 85' lang='lat' dir='ltr'><strong>suscepit,</strong></span> <span class='ocrx_word' id='word_1_82' title='bbox 1626 913 1834 967; x_wconf 86' lang='lat' dir='ltr'><strong>summa</strong></span> 
     </span>
     <span class='ocr_line' id='line_1_12' title="bbox 180 991 1835 1067; baseline -0.004 -16"><span class='ocrx_word' id='word_1_83' title='bbox 180 1000 521 1052; x_wconf 86' lang='lat' dir='ltr'><strong>contentione</strong></span> <span class='ocrx_word' id='word_1_84' title='bbox 540 996 691 1067; x_wconf 73' lang='lat' dir='ltr'><strong>gessit</strong></span> <span class='ocrx_word' id='word_1_85' title='bbox 715 1035 728 1054; x_wconf 88' lang='lat'>‚</span> <span class='ocrx_word' id='word_1_86' title='bbox 764 1013 823 1048; x_wconf 85' lang='lat' dir='ltr'><strong>ac</strong></span> <span class='ocrx_word' id='word_1_87' title='bbox 848 996 986 1047; x_wconf 88' lang='lat' dir='ltr'><strong>mira</strong></span> <span class='ocrx_word' id='word_1_88' title='bbox 1005 993 1258 1046; x_wconf 85' lang='lat' dir='ltr'><strong>felicitate</strong></span> <span class='ocrx_word' id='word_1_89' title='bbox 1292 991 1518 1046; x_wconf 77' lang='lat' dir='ltr'><strong>confecit</strong></span> <span class='ocrx_word' id='word_1_90' title='bbox 1540 1034 1552 1045; x_wconf 92' lang='lat'><em>.</em></span> <span class='ocrx_word' id='word_1_91' title='bbox 1598 991 1835 1045; x_wconf 88' lang='lat' dir='ltr'><strong>Incredi-</strong></span> 
     </span>
     <span class='ocr_line' id='line_1_13' title="bbox 179 1070 1834 1146; baseline -0.004 -17"><span class='ocrx_word' id='word_1_92' title='bbox 179 1076 309 1130; x_wconf 88' lang='lat' dir='ltr'><strong>biles</strong></span> <span class='ocrx_word' id='word_1_93' title='bbox 332 1074 576 1146; x_wconf 64' lang='lat' dir='ltr'><strong>profecto</strong></span> <span class='ocrx_word' id='word_1_94' title='bbox 597 1074 855 1126; x_wconf 65' lang='lat' dir='ltr'><strong>victorias</strong></span> <span class='ocrx_word' id='word_1_95' title='bbox 885 1073 949 1124; x_wconf 89' lang='lat' dir='ltr'><strong>ab</strong></span> <span class='ocrx_word' id='word_1_96' title='bbox 969 1087 1029 1123; x_wconf 91' lang='lat' dir='ltr'><strong>eo</strong></span> <span class='ocrx_word' id='word_1_97' title='bbox 1047 1084 1350 1141; x_wconf 80' lang='lat' dir='ltr'><strong>reportatas</strong></span> <span class='ocrx_word' id='word_1_98' title='bbox 1374 1110 1389 1131; x_wconf 86' lang='lat'>,</span> <span class='ocrx_word' id='word_1_99' title='bbox 1414 1070 1720 1145; x_wconf 88' lang='lat' dir='ltr'><strong>innumeras</strong></span> <span class='ocrx_word' id='word_1_100' title='bbox 1738 1071 1834 1122; x_wconf 89' lang='lat' dir='ltr'><strong>ho-</strong></span> 
     </span>
     <span class='ocr_line' id='line_1_14' title="bbox 179 1147 1832 1223; baseline -0.004 -17"><span class='ocrx_word' id='word_1_101' title='bbox 179 1153 335 1205; x_wconf 88' lang='lat' dir='ltr'><strong>stium</strong></span> <span class='ocrx_word' id='word_1_102' title='bbox 376 1153 560 1223; x_wconf 87' lang='lat' dir='ltr'><strong>copias</strong></span> <span class='ocrx_word' id='word_1_103' title='bbox 602 1149 925 1221; x_wconf 84' lang='lat' dir='ltr'><strong>profligatas</strong></span> <span class='ocrx_word' id='word_1_104' title='bbox 968 1162 1128 1221; x_wconf 87' lang='lat' dir='ltr'><strong>atque</strong></span> <span class='ocrx_word' id='word_1_105' title='bbox 1164 1147 1369 1201; x_wconf 89' lang='lat' dir='ltr'><strong>deletas</strong></span> <span class='ocrx_word' id='word_1_106' title='bbox 1401 1189 1417 1210; x_wconf 94' lang='lat'>‚</span> <span class='ocrx_word' id='word_1_107' title='bbox 1460 1147 1832 1201; x_wconf 64' lang='lat' dir='ltr'><strong>munitissimas</strong></span> 
     </span>
     <span class='ocr_line' id='line_1_15' title="bbox 181 1224 1833 1296; baseline -0.005 -11"><span class='ocrx_word' id='word_1_108' title='bbox 181 1230 454 1285; x_wconf 84' lang='lat' dir='ltr'><strong>Civitates</strong></span> <span class='ocrx_word' id='word_1_109' title='bbox 473 1227 744 1281; x_wconf 80' lang='lat' dir='ltr'><strong>obsidione</strong></span> <span class='ocrx_word' id='word_1_110' title='bbox 764 1241 857 1280; x_wconf 92' lang='lat' dir='ltr'><strong>aut</strong></span> <span class='ocrx_word' id='word_1_111' title='bbox 882 1227 939 1278; x_wconf 87' lang='lat' dir='ltr'><strong>vi</strong></span> <span class='ocrx_word' id='word_1_112' title='bbox 963 1240 1148 1296; x_wconf 88' lang='lat' dir='ltr'><strong>captas</strong></span> <span class='ocrx_word' id='word_1_113' title='bbox 1168 1265 1184 1287; x_wconf 95' lang='lat'>,</span> <span class='ocrx_word' id='word_1_114' title='bbox 1219 1227 1383 1279; x_wconf 84' lang='lat' dir='ltr'><strong>Orbis</strong></span> <span class='ocrx_word' id='word_1_115' title='bbox 1410 1225 1712 1279; x_wconf 80' lang='lat' dir='ltr'><strong>admiratus</strong></span> <span class='ocrx_word' id='word_1_116' title='bbox 1731 1224 1800 1277; x_wconf 88' lang='lat' dir='ltr'><strong>est</strong></span> <span class='ocrx_word' id='word_1_117' title='bbox 1815 1263 1833 1286; x_wconf 89' lang='lat'>,</span> 
     </span>
     <span class='ocr_line' id='line_1_16' title="bbox 180 1303 1834 1380; baseline -0.004 -18"><span class='ocrx_word' id='word_1_118' title='bbox 180 1324 348 1380; x_wconf 87' lang='lat' dir='ltr'><strong>eaque</strong></span> <span class='ocrx_word' id='word_1_119' title='bbox 383 1306 449 1359; x_wconf 89' lang='lat' dir='ltr'><strong>de</strong></span> <span class='ocrx_word' id='word_1_120' title='bbox 469 1304 621 1358; x_wconf 84' lang='lat' dir='ltr'><strong>causa</strong></span> <span class='ocrx_word' id='word_1_121' title='bbox 647 1303 780 1375; x_wconf 79' lang='lat' dir='ltr'><strong>saepe</strong></span> <span class='ocrx_word' id='word_1_122' title='bbox 799 1306 958 1374; x_wconf 82' lang='lat' dir='ltr'><strong>hujus</strong></span> <span class='ocrx_word' id='word_1_123' title='bbox 981 1303 1146 1357; x_wconf 86' lang='lat' dir='ltr'><strong>Urbis</strong></span> <span class='ocrx_word' id='word_1_124' title='bbox 1169 1303 1406 1374; x_wconf 87' lang='lat' dir='ltr'><strong>Templa</strong></span> <span class='ocrx_word' id='word_1_125' title='bbox 1436 1303 1639 1356; x_wconf 75' lang='lat' dir='ltr'><strong>laetitiae</strong></span> <span class='ocrx_word' id='word_1_126' title='bbox 1670 1304 1834 1356; x_wconf 84' lang='lat' dir='ltr'><strong>canti-</strong></span> 
     </span>
     <span class='ocr_line' id='line_1_17' title="bbox 179 1380 1832 1454; baseline -0.004 -15"><span class='ocrx_word' id='word_1_127' title='bbox 179 1390 308 1447; x_wconf 80' lang='lat' dir='ltr'><strong>buS‚</strong></span> <span class='ocrx_word' id='word_1_128' title='bbox 342 1385 395 1437; x_wconf 65' lang='grc' dir='ltr'><strong>ὃς</strong></span> <span class='ocrx_word' id='word_1_129' title='bbox 417 1384 721 1454; x_wconf 86' lang='lat' dir='ltr'><strong>gratiarum</strong></span> <span class='ocrx_word' id='word_1_130' title='bbox 744 1383 1040 1435; x_wconf 65' lang='lat' dir='ltr'><strong>adtionibus</strong></span> <span class='ocrx_word' id='word_1_131' title='bbox 1070 1380 1388 1452; x_wconf 85' lang='lat' dir='ltr'><strong>personuere</strong></span> <span class='ocrx_word' id='word_1_132' title='bbox 1413 1423 1423 1433; x_wconf 92' lang='lat'>.</span> <span class='ocrx_word' id='word_1_133' title='bbox 1461 1380 1672 1434; x_wconf 84' lang='lat' dir='ltr'><strong>Verum</strong></span> <span class='ocrx_word' id='word_1_134' title='bbox 1694 1397 1832 1433; x_wconf 88' lang='lat' dir='ltr'><strong>nunc</strong></span> 
     </span>
     <span class='ocr_line' id='line_1_18' title="bbox 180 1455 1832 1533; baseline -0.004 -17"><span class='ocrx_word' id='word_1_135' title='bbox 180 1464 406 1517; x_wconf 87' lang='lat' dir='ltr'><strong>minime</strong></span> <span class='ocrx_word' id='word_1_136' title='bbox 444 1480 504 1514; x_wconf 86' lang='lat' dir='ltr'><strong>ea</strong></span> <span class='ocrx_word' id='word_1_137' title='bbox 539 1461 868 1533; x_wconf 75' lang='lat' dir='ltr'><strong>quaerimUS,</strong></span> <span class='ocrx_word' id='word_1_138' title='bbox 907 1476 1029 1532; x_wconf 76' lang='lat' dir='ltr'><strong>quae.</strong></span> <span class='ocrx_word' id='word_1_139' title='bbox 1062 1477 1092 1512; x_wconf 90' lang='lat' dir='ltr'><strong>a</strong></span> <span class='ocrx_word' id='word_1_140' title='bbox 1114 1459 1466 1530; x_wconf 62' lang='lat' dir='ltr'><strong>praepotentis</strong></span> <span class='ocrx_word' id='word_1_141' title='bbox 1487 1460 1594 1511; x_wconf 90' lang='lat' dir='ltr'><strong>Dei</strong></span> <span class='ocrx_word' id='word_1_142' title='bbox 1618 1455 1832 1510; x_wconf 88' lang='lat' dir='ltr'><strong>munifi-</strong></span> 
     </span>
     <span class='ocr_line' id='line_1_19' title="bbox 180 1535 1831 1608; baseline -0.003 -13"><span class='ocrx_word' id='word_1_143' title='bbox 180 1543 354 1595; x_wconf 87' lang='lat' dir='ltr'><strong>centia</strong></span> <span class='ocrx_word' id='word_1_144' title='bbox 388 1541 600 1594; x_wconf 84' lang='lat' dir='ltr'><strong>eximiae</strong></span> <span class='ocrx_word' id='word_1_145' title='bbox 621 1538 835 1608; x_wconf 89' lang='lat' dir='ltr'><strong>pietatis</strong></span> <span class='ocrx_word' id='word_1_146' title='bbox 858 1537 1084 1608; x_wconf 78' lang='lat' dir='ltr'><strong>praemia</strong></span> <span class='ocrx_word' id='word_1_147' title='bbox 1108 1537 1262 1589; x_wconf 89' lang='lat' dir='ltr'><strong>tulit.</strong></span> <span class='ocrx_word' id='word_1_148' title='bbox 1306 1535 1449 1587; x_wconf 89' lang='lat' dir='ltr'><strong>Illud</strong></span> <span class='ocrx_word' id='word_1_149' title='bbox 1479 1535 1548 1588; x_wconf 90' lang='lat' dir='ltr'><strong>ad</strong></span> <span class='ocrx_word' id='word_1_150' title='bbox 1577 1535 1831 1590; x_wconf 83' lang='lat' dir='ltr'><strong>institutae</strong></span> 
     </span>
     <span class='ocr_line' id='line_1_20' title="bbox 177 1612 1831 1689; baseline -0.005 -16"><span class='ocrx_word' id='word_1_151' title='bbox 177 1621 440 1674; x_wconf 85' lang='lat' dir='ltr'><strong>orationis</strong></span> <span class='ocrx_word' id='word_1_152' title='bbox 460 1630 842 1689; x_wconf 82' lang='lat' dir='ltr'><strong>argumentum</strong></span> <span class='ocrx_word' id='word_1_153' title='bbox 863 1616 1036 1684; x_wconf 88' lang='lat' dir='ltr'><strong>magis</strong></span> <span class='ocrx_word' id='word_1_154' title='bbox 1056 1615 1292 1683; x_wconf 85' lang='lat' dir='ltr'><strong>pertinet</strong></span> <span class='ocrx_word' id='word_1_155' title='bbox 1309 1654 1325 1675; x_wconf 90' lang='lat'><strong><em>,</em></strong></span> <span class='ocrx_word' id='word_1_156' title='bbox 1358 1612 1504 1685; x_wconf 85' lang='lat' dir='ltr'><strong>quod</strong></span> <span class='ocrx_word' id='word_1_157' title='bbox 1529 1612 1635 1666; x_wconf 89' lang='lat' dir='ltr'><strong>sola</strong></span> <span class='ocrx_word' id='word_1_158' title='bbox 1658 1615 1831 1684; x_wconf 89' lang='lat' dir='ltr'><strong>pieta-</strong></span> 
     </span>
     <span class='ocr_line' id='line_1_21' title="bbox 177 1689 1829 1766; baseline -0.005 -15"><span class='ocrx_word' id='word_1_159' title='bbox 177 1699 248 1751; x_wconf 87' lang='lat' dir='ltr'><strong>tis</strong></span> <span class='ocrx_word' id='word_1_160' title='bbox 280 1699 334 1750; x_wconf 85' lang='lat'>&amp;</span> <span class='ocrx_word' id='word_1_161' title='bbox 357 1697 633 1766; x_wconf 85' lang='lat' dir='ltr'><strong>religionis</strong></span> <span class='ocrx_word' id='word_1_162' title='bbox 654 1692 805 1747; x_wconf 87' lang='lat' dir='ltr'><strong>causa</strong></span> <span class='ocrx_word' id='word_1_163' title='bbox 846 1709 906 1744; x_wconf 87' lang='lat' dir='ltr'><strong>ea</strong></span> <span class='ocrx_word' id='word_1_164' title='bbox 944 1691 1081 1744; x_wconf 89' lang='lat' dir='ltr'><strong>bella</strong></span> <span class='ocrx_word' id='word_1_165' title='bbox 1117 1689 1374 1761; x_wconf 78' lang='lat' dir='ltr'><strong>ingressus</strong></span> <span class='ocrx_word' id='word_1_166' title='bbox 1412 1689 1515 1749; x_wconf 88' lang='lat' dir='ltr'><strong>est,</strong></span> <span class='ocrx_word' id='word_1_167' title='bbox 1547 1690 1696 1763; x_wconf 82' lang='lat' dir='ltr'><strong>quod</strong></span> <span class='ocrx_word' id='word_1_168' title='bbox 1717 1691 1829 1742; x_wconf 77' lang='lat' dir='ltr'><strong>Ro-</strong></span> 
     </span>
     <span class='ocr_line' id='line_1_22' title="bbox 175 1767 1826 1845; baseline -0.004 -17"><span class='ocrx_word' id='word_1_169' title='bbox 175 1791 340 1829; x_wconf 85' lang='lat' dir='ltr'><strong>mano</strong></span> <span class='ocrx_word' id='word_1_170' title='bbox 360 1774 670 1845; x_wconf 89' lang='lat' dir='ltr'><strong>impellente</strong></span> <span class='ocrx_word' id='word_1_171' title='bbox 691 1767 950 1825; x_wconf 88' lang='lat' dir='ltr'><strong>Pontifice</strong></span> <span class='ocrx_word' id='word_1_172' title='bbox 974 1785 1129 1822; x_wconf 89' lang='lat' dir='ltr'><strong>arma</strong></span> <span class='ocrx_word' id='word_1_173' title='bbox 1148 1769 1326 1821; x_wconf 88' lang='lat' dir='ltr'><strong>movit</strong></span> <span class='ocrx_word' id='word_1_174' title='bbox 1348 1809 1364 1831; x_wconf 92' lang='lat'><em>‚</em></span> <span class='ocrx_word' id='word_1_175' title='bbox 1393 1768 1543 1841; x_wconf 87' lang='lat' dir='ltr'><strong>quod</strong></span> <span class='ocrx_word' id='word_1_176' title='bbox 1563 1770 1826 1822; x_wconf 88' lang='lat' dir='ltr'><strong>obventas</strong></span> 
     </span>
     <span class='ocr_line' id='line_1_23' title="bbox 175 1845 1830 1918; baseline -0.005 -12"><span class='ocrx_word' id='word_1_177' title='bbox 175 1853 443 1908; x_wconf 88' lang='lat' dir='ltr'><strong>bellorum</strong></span> <span class='ocrx_word' id='word_1_178' title='bbox 464 1850 746 1904; x_wconf 87' lang='lat' dir='ltr'><strong>felicitates</strong></span> <span class='ocrx_word' id='word_1_179' title='bbox 769 1849 891 1902; x_wconf 93' lang='lat' dir='ltr'><strong>Deo</strong></span> <span class='ocrx_word' id='word_1_180' title='bbox 909 1859 1152 1916; x_wconf 89' lang='lat' dir='ltr'><strong>acceptas</strong></span> <span class='ocrx_word' id='word_1_181' title='bbox 1172 1847 1296 1899; x_wconf 88' lang='lat' dir='ltr'><strong>tulit</strong></span> <span class='ocrx_word' id='word_1_182' title='bbox 1316 1887 1331 1907; x_wconf 87' lang='lat'><strong>,</strong></span> <span class='ocrx_word' id='word_1_183' title='bbox 1366 1845 1513 1918; x_wconf 87' lang='lat' dir='ltr'><strong>quod</strong></span> <span class='ocrx_word' id='word_1_184' title='bbox 1532 1861 1716 1916; x_wconf 86' lang='lat' dir='ltr'><strong>erepta</strong></span> <span class='ocrx_word' id='word_1_185' title='bbox 1734 1847 1830 1899; x_wconf 86' lang='lat' dir='ltr'><strong>ho-</strong></span> 
     </span>
     <span class='ocr_line' id='line_1_24' title="bbox 176 1923 1829 1999; baseline -0.003 -17"><span class='ocrx_word' id='word_1_186' title='bbox 176 1929 338 1983; x_wconf 84' lang='lat' dir='ltr'><strong>stibus</strong></span> <span class='ocrx_word' id='word_1_187' title='bbox 357 1927 506 1999; x_wconf 76' lang='lat' dir='ltr'><strong>signa</strong></span> <span class='ocrx_word' id='word_1_188' title='bbox 524 1927 884 1998; x_wconf 89' lang='lat' dir='ltr'><strong>Templorum</strong></span> <span class='ocrx_word' id='word_1_189' title='bbox 906 1925 1071 1979; x_wconf 88' lang='lat' dir='ltr'><strong>tholis</strong></span> <span class='ocrx_word' id='word_1_190' title='bbox 1096 1923 1385 1995; x_wconf 87' lang='lat' dir='ltr'><strong>suspendit,</strong></span> <span class='ocrx_word' id='word_1_191' title='bbox 1407 1923 1556 1996; x_wconf 86' lang='lat' dir='ltr'><strong>quod</strong></span> <span class='ocrx_word' id='word_1_192' title='bbox 1581 1924 1829 1977; x_wconf 50' lang='lat' dir='ltr'><strong>vicioriae</strong></span> 
     </span>
     <span class='ocr_line' id='line_1_25' title="bbox 176 2000 1828 2076; baseline -0.002 -17"><span class='ocrx_word' id='word_1_193' title='bbox 176 2005 417 2061; x_wconf 64' lang='lat' dir='ltr'><strong>frustum</strong></span> <span class='ocrx_word' id='word_1_194' title='bbox 447 2003 830 2076; x_wconf 84' lang='lat' dir='ltr'><strong>ampliffirnum</strong></span> <span class='ocrx_word' id='word_1_195' title='bbox 868 2004 1060 2065; x_wconf 86' lang='lat' dir='ltr'><strong>duxit,</strong></span> <span class='ocrx_word' id='word_1_196' title='bbox 1101 2002 1250 2055; x_wconf 78' lang='lat' dir='ltr'><strong>Fidei</strong></span> <span class='ocrx_word' id='word_1_197' title='bbox 1278 2000 1596 2057; x_wconf 84' lang='lat' dir='ltr'><strong>Christianae</strong></span> <span class='ocrx_word' id='word_1_198' title='bbox 1632 2017 1828 2073; x_wconf 89' lang='lat' dir='ltr'><strong>propa-</strong></span> 
     </span>
     <span class='ocr_line' id='line_1_26' title="bbox 178 2085 488 2154; baseline -0.006 -16"><span class='ocrx_word' id='word_1_199' title='bbox 178 2085 456 2154; x_wconf 83' lang='lat' dir='ltr'><strong>gationem</strong></span> <span class='ocrx_word' id='word_1_200' title='bbox 477 2125 488 2136; x_wconf 92' lang='lat'>.</span> 
     </span>
    </p>

    <p class='ocr_par' dir='ltr' id='par_1_3' title="bbox 174 2156 1825 2775">
     <span class='ocr_line' id='line_1_27' title="bbox 329 2156 1825 2236; baseline -0.001 -23"><span class='ocrx_word' id='word_1_201' title='bbox 329 2160 495 2236; x_wconf 73' lang='lat' dir='ltr'><strong>de</strong></span> <span class='ocrx_word' id='word_1_202' title='bbox 524 2159 562 2213; x_wconf 80' lang='lat' dir='ltr'><strong>si</strong></span> <span class='ocrx_word' id='word_1_203' title='bbox 587 2178 687 2233; x_wconf 91' lang='lat' dir='ltr'><strong>pro</strong></span> <span class='ocrx_word' id='word_1_204' title='bbox 718 2161 994 2215; x_wconf 89' lang='lat' dir='ltr'><strong>communi</strong></span> <span class='ocrx_word' id='word_1_205' title='bbox 1027 2160 1322 2215; x_wconf 88' lang='lat' dir='ltr'><strong>Christiani</strong></span> <span class='ocrx_word' id='word_1_206' title='bbox 1346 2158 1508 2213; x_wconf 89' lang='lat' dir='ltr'><strong>Orbis</strong></span> <span class='ocrx_word' id='word_1_207' title='bbox 1547 2156 1825 2212; x_wconf 85' lang='lat' dir='ltr'><strong>incolumi-</strong></span> 
     </span>
     <span class='ocr_line' id='line_1_28' title="bbox 179 2237 1823 2309; baseline -0.003 -16"><span class='ocrx_word' id='word_1_208' title='bbox 179 2253 289 2293; x_wconf 86' lang='lat' dir='ltr'><strong>tate</strong></span> <span class='ocrx_word' id='word_1_209' title='bbox 311 2253 395 2293; x_wconf 91' lang='lat' dir='ltr'><strong>tot</strong></span> <span class='ocrx_word' id='word_1_210' title='bbox 413 2255 566 2292; x_wconf 89' lang='lat' dir='ltr'><strong>curas</strong></span> <span class='ocrx_word' id='word_1_211' title='bbox 589 2237 845 2309; x_wconf 88' lang='lat' dir='ltr'><strong>suscipere</strong></span> <span class='ocrx_word' id='word_1_212' title='bbox 863 2281 879 2302; x_wconf 94' lang='lat'>‚</span> <span class='ocrx_word' id='word_1_213' title='bbox 904 2253 986 2292; x_wconf 92' lang='lat' dir='ltr'><strong>tot</strong></span> <span class='ocrx_word' id='word_1_214' title='bbox 1003 2237 1207 2291; x_wconf 89' lang='lat' dir='ltr'><strong>sumtus</strong></span> <span class='ocrx_word' id='word_1_215' title='bbox 1226 2237 1398 2291; x_wconf 88' lang='lat' dir='ltr'><strong>facere</strong></span> <span class='ocrx_word' id='word_1_216' title='bbox 1418 2277 1435 2299; x_wconf 90' lang='lat'><em>‚</em></span> <span class='ocrx_word' id='word_1_217' title='bbox 1466 2250 1678 2289; x_wconf 89' lang='lat' dir='ltr'><strong>tantum</strong></span> <span class='ocrx_word' id='word_1_218' title='bbox 1700 2253 1823 2306; x_wconf 85' lang='lat' dir='ltr'><strong>ope-</strong></span> 
     </span>
     <span class='ocr_line' id='line_1_29' title="bbox 176 2313 1821 2388; baseline -0.002 -18"><span class='ocrx_word' id='word_1_219' title='bbox 176 2335 252 2372; x_wconf 82' lang='lat' dir='ltr'><strong>rae</strong></span> <span class='ocrx_word' id='word_1_220' title='bbox 286 2334 347 2371; x_wconf 89' lang='lat' dir='ltr'><strong>ac</strong></span> <span class='ocrx_word' id='word_1_221' title='bbox 368 2317 563 2370; x_wconf 87' lang='lat' dir='ltr'><strong>laboris</strong></span> <span class='ocrx_word' id='word_1_222' title='bbox 595 2315 837 2368; x_wconf 87' lang='lat' dir='ltr'><strong>conferre</strong></span> <span class='ocrx_word' id='word_1_223' title='bbox 856 2332 959 2367; x_wconf 90' lang='lat' dir='ltr'><strong>non</strong></span> <span class='ocrx_word' id='word_1_224' title='bbox 983 2315 1249 2370; x_wconf 86' lang='lat' dir='ltr'><strong>recusavit</strong></span> <span class='ocrx_word' id='word_1_225' title='bbox 1271 2356 1288 2379; x_wconf 89' lang='lat'><strong><em>,</em></strong></span> <span class='ocrx_word' id='word_1_226' title='bbox 1322 2333 1429 2388; x_wconf 90' lang='lat' dir='ltr'><strong>qua</strong></span> <span class='ocrx_word' id='word_1_227' title='bbox 1448 2313 1821 2368; x_wconf 89' lang='lat' dir='ltr'><strong>benevolentia</strong></span> 
     </span>
     <span class='ocr_line' id='line_1_30' title="bbox 175 2391 1819 2466; baseline -0.001 -19"><span class='ocrx_word' id='word_1_228' title='bbox 175 2394 412 2449; x_wconf 88' lang='lat' dir='ltr'><strong>subditos</strong></span> <span class='ocrx_word' id='word_1_229' title='bbox 453 2393 681 2466; x_wconf 88' lang='lat' dir='ltr'><strong>populos</strong></span> <span class='ocrx_word' id='word_1_230' title='bbox 699 2429 715 2452; x_wconf 93' lang='lat'>‚</span> <span class='ocrx_word' id='word_1_231' title='bbox 759 2392 1047 2464; x_wconf 88' lang='lat' dir='ltr'><strong>omnesque</strong></span> <span class='ocrx_word' id='word_1_232' title='bbox 1089 2391 1184 2445; x_wconf 81' lang='lat' dir='ltr'><strong>fibi</strong></span> <span class='ocrx_word' id='word_1_233' title='bbox 1220 2394 1536 2446; x_wconf 60' lang='lat' dir='ltr'><strong>aretioribus</strong></span> <span class='ocrx_word' id='word_1_234' title='bbox 1575 2393 1819 2445; x_wconf 89' lang='lat' dir='ltr'><strong>caritatis</strong></span> 
     </span>
     <span class='ocr_line' id='line_1_31' title="bbox 176 2468 1820 2543; baseline -0.002 -17"><span class='ocrx_word' id='word_1_235' title='bbox 176 2473 397 2526; x_wconf 88' lang='lat' dir='ltr'><strong>nexibus</strong></span> <span class='ocrx_word' id='word_1_236' title='bbox 418 2473 630 2543; x_wconf 67' lang='lat' dir='ltr'><strong>junstos</strong></span> <span class='ocrx_word' id='word_1_237' title='bbox 662 2470 1011 2542; x_wconf 84' lang='lat' dir='ltr'><strong>complexum</strong></span> <span class='ocrx_word' id='word_1_238' title='bbox 1042 2468 1189 2523; x_wconf 81' lang='lat' dir='ltr'><strong>fuiffe</strong></span> <span class='ocrx_word' id='word_1_239' title='bbox 1223 2470 1642 2523; x_wconf 80' lang='lat' dir='ltr'><strong>existimabimus</strong></span> <span class='ocrx_word' id='word_1_240' title='bbox 1668 2473 1684 2521; x_wconf 86' lang='lat'>?</span> <span class='ocrx_word' id='word_1_241' title='bbox 1728 2471 1820 2523; x_wconf 89' lang='lat' dir='ltr'><strong>So-</strong></span> 
     </span>
     <span class='ocr_line' id='line_1_32' title="bbox 175 2547 1817 2621; baseline -0.002 -18"><span class='ocrx_word' id='word_1_242' title='bbox 175 2549 284 2604; x_wconf 87' lang='lat' dir='ltr'><strong>lida</strong></span> <span class='ocrx_word' id='word_1_243' title='bbox 308 2567 368 2603; x_wconf 88' lang='lat' dir='ltr'><strong>ac</strong></span> <span class='ocrx_word' id='word_1_244' title='bbox 389 2568 522 2603; x_wconf 87' lang='lat' dir='ltr'><strong>vera</strong></span> <span class='ocrx_word' id='word_1_245' title='bbox 545 2550 719 2603; x_wconf 90' lang='lat' dir='ltr'><strong>virtus</strong></span> <span class='ocrx_word' id='word_1_246' title='bbox 739 2565 797 2602; x_wconf 89' lang='lat' dir='ltr'><strong>ea</strong></span> <span class='ocrx_word' id='word_1_247' title='bbox 822 2547 1042 2601; x_wconf 89' lang='lat' dir='ltr'><strong>demum</strong></span> <span class='ocrx_word' id='word_1_248' title='bbox 1060 2547 1316 2600; x_wconf 88' lang='lat' dir='ltr'><strong>censenda</strong></span> <span class='ocrx_word' id='word_1_249' title='bbox 1340 2547 1410 2600; x_wconf 91' lang='lat' dir='ltr'><strong>est</strong></span> <span class='ocrx_word' id='word_1_250' title='bbox 1426 2589 1443 2611; x_wconf 89' lang='lat'>‚</span> <span class='ocrx_word' id='word_1_251' title='bbox 1473 2565 1639 2621; x_wconf 85' lang='lat' dir='ltr'><strong>quam</strong></span> <span class='ocrx_word' id='word_1_252' title='bbox 1660 2549 1817 2600; x_wconf 68' lang='lat' dir='ltr'><strong>redlae</strong></span> 
     </span>
     <span class='ocr_line' id='line_1_33' title="bbox 174 2623 1816 2695; baseline -0.001 -17"><span class='ocrx_word' id='word_1_253' title='bbox 174 2629 369 2681; x_wconf 89' lang='lat' dir='ltr'><strong>mentis</strong></span> <span class='ocrx_word' id='word_1_254' title='bbox 389 2626 667 2681; x_wconf 85' lang='lat' dir='ltr'><strong>confilium</strong></span> <span class='ocrx_word' id='word_1_255' title='bbox 693 2627 879 2680; x_wconf 88' lang='lat' dir='ltr'><strong>ordine</strong></span> <span class='ocrx_word' id='word_1_256' title='bbox 896 2642 955 2679; x_wconf 86' lang='lat' dir='ltr'><strong>ac</strong></span> <span class='ocrx_word' id='word_1_257' title='bbox 974 2626 1180 2679; x_wconf 91' lang='lat' dir='ltr'><strong>ratione</strong></span> <span class='ocrx_word' id='word_1_258' title='bbox 1199 2629 1460 2695; x_wconf 86' lang='lat' dir='ltr'><strong>gubernat</strong></span> <span class='ocrx_word' id='word_1_259' title='bbox 1477 2667 1488 2680; x_wconf 87' lang='lat'><strong>.</strong></span> <span class='ocrx_word' id='word_1_260' title='bbox 1521 2623 1625 2678; x_wconf 87' lang='lat' dir='ltr'><strong>Sed</strong></span> <span class='ocrx_word' id='word_1_261' title='bbox 1645 2639 1816 2695; x_wconf 89' lang='lat' dir='ltr'><strong>quum</strong></span> 
     </span>
     <span class='ocr_line' id='line_1_34' title="bbox 176 2700 1816 2775; baseline -0.001 -20"><span class='ocrx_word' id='word_1_262' title='bbox 176 2703 431 2758; x_wconf 87' lang='lat' dir='ltr'><strong>beneficia</strong></span> <span class='ocrx_word' id='word_1_263' title='bbox 446 2706 629 2758; x_wconf 89' lang='lat' dir='ltr'><strong>omnia</strong></span> <span class='ocrx_word' id='word_1_264' title='bbox 650 2708 716 2758; x_wconf 92' lang='lat' dir='ltr'><strong>ab</strong></span> <span class='ocrx_word' id='word_1_265' title='bbox 736 2704 876 2759; x_wconf 90' lang='lat' dir='ltr'><strong>illius</strong></span> <span class='ocrx_word' id='word_1_266' title='bbox 895 2703 1233 2757; x_wconf 87' lang='lat' dir='ltr'><strong>humanitate</strong></span> <span class='ocrx_word' id='word_1_267' title='bbox 1259 2721 1388 2775; x_wconf 87' lang='lat' dir='ltr'><strong>erga</strong></span> <span class='ocrx_word' id='word_1_268' title='bbox 1407 2704 1652 2757; x_wconf 88' lang='lat' dir='ltr'><strong>omniurn</strong></span> <span class='ocrx_word' id='word_1_269' title='bbox 1672 2700 1816 2754; x_wconf 89' lang='lat' dir='ltr'><strong>ordi-</strong></span> 
     </span>
    </p>
   </div>
   <div class='ocr_carea' id='block_1_2' title="bbox 177 2776 1884 2926">
    <p class='ocr_par' dir='ltr' id='par_1_4' title="bbox 177 2776 1884 2926">
     <span class='ocr_line' id='line_1_35' title="bbox 177 2776 1813 2856; baseline -0.001 -23"><span class='ocrx_word' id='word_1_270' title='bbox 177 2796 305 2837; x_wconf 84' lang='lat' dir='ltr'><strong>num</strong></span> <span class='ocrx_word' id='word_1_271' title='bbox 332 2782 578 2837; x_wconf 86' lang='lat' dir='ltr'><strong>homines</strong></span> <span class='ocrx_word' id='word_1_272' title='bbox 596 2782 840 2853; x_wconf 67' lang='lat' dir='ltr'><strong>profecta</strong></span> <span class='ocrx_word' id='word_1_273' title='bbox 861 2797 1016 2836; x_wconf 89' lang='lat' dir='ltr'><strong>nemo</strong></span> <span class='ocrx_word' id='word_1_274' title='bbox 1035 2780 1263 2836; x_wconf 90' lang='lat' dir='ltr'><strong>dicendo</strong></span> <span class='ocrx_word' id='word_1_275' title='bbox 1283 2780 1480 2856; x_wconf 77' lang='lat' dir='ltr'><strong>assequi</strong></span> <span class='ocrx_word' id='word_1_276' title='bbox 1501 2776 1654 2851; x_wconf 86' lang='lat' dir='ltr'><strong>poffit</strong></span> <span class='ocrx_word' id='word_1_277' title='bbox 1673 2816 1689 2838; x_wconf 92' lang='lat'>‚</span> <span class='ocrx_word' id='word_1_278' title='bbox 1713 2795 1813 2832; x_wconf 87' lang='lat' dir='ltr'><strong>vos</strong></span> 
     </span>
     <span class='ocr_line' id='line_1_36' title="bbox 1707 2865 1884 2926; baseline -0.006 -17"><span class='ocrx_word' id='word_1_279' title='bbox 1707 2870 1812 2926; x_wconf 87' lang='lat' dir='ltr'><strong>ego</strong></span> <span class='ocrx_word' id='word_1_280' title='bbox 1882 2865 1884 2868; x_wconf 75' lang='grc'>’</span> 
     </span>
    </p>
   </div>
  </div>
 </body>
</html>
