1987 3006
867 147 885 207 (
911 138 1057 192 XIV
1089 143 1105 203 'J

176 219 386 291 Quique
422 214 663 269 secundis
685 214 990 269 successibus
1011 223 1280 289 nunquam
1305 218 1473 271 elatus
1493 216 1594 271 fuit
1617 257 1633 280 ,
1659 218 1811 272 >idem

175 293 579 350 conversionem
617 311 834 356 rerum,
869 310 1199 347 commutato
1235 294 1520 349 dumtaxat
1561 297 1812 362 virtutiS,

175 392 272 427 ceu
304 389 583 424 armorum
605 414 619 434 ,
660 389 854 442 genere
876 411 893 435 ,
928 371 1047 442 pari
1082 372 1334 444 aequitate
1371 375 1533 426 animi
1567 376 1776 445 excepit
1798 417 1812 430 .

175 448 428 504 Mirificae
456 466 621 520 porro
640 450 778 502 illius
798 448 1102 502 fortitudini
1119 491 1135 512 ,
1158 465 1263 522 qua
1285 447 1457 503 filiurn
1477 453 1692 504 unicum
1710 490 1724 510 ‚
1758 454 1812 506 in

175 533 321 598 cujus
338 529 454 580 vita
473 527 726 582 Caesareae
747 527 985 580 Familiae
1010 525 1123 597 spes
1144 565 1158 585 ,
1195 541 1357 599 atque
1381 528 1611 599 Europae
1635 532 1815 584 omnis¹

175 604 535 677 tranquillitas
573 607 914 657 recumbebat
948 643 962 664 ,
1003 606 1294 656 immatura
1329 619 1505 658 morte
1545 606 1811 662 sublatum

177 682 421 753 aspexit,
459 683 513 733 &
535 681 678 735 suam
698 684 987 734 orbitatem
1010 678 1218 749 semper
1252 696 1405 752 aequo
1442 683 1621 735 animo
1656 684 1812 748 tulit,

172 778 290 834 quae
312 759 478 832 potest
496 776 593 831 par
615 760 788 812 oratio
808 758 1035 810 inveniri
1056 761 1071 808 ?
1109 758 1242 826 Quae
1263 774 1362 827 ego
1382 759 1470 811 hic
1490 759 1716 829 publicae
1753 780 1814 815 ac

172 841 401 910 privatae
419 837 636 889 virtutis
671 836 917 905 exempla
935 875 950 896 ,
992 836 1249 887 brevitati
1267 835 1539 889 consulens
1561 877 1575 898 ‚
1607 836 1812 892 silentio

170 918 474 988 praetereo?

329 992 430 1044 Sed
455 1005 569 1044 tota
604 991 810 1060 augusti
843 992 1096 1060 principis
1118 991 1294 1042 virtus
1330 992 1562 1045 exomni
1591 1008 1741 1063 parte
1764 993 1813 1048 se

176 1068 400 1123 ostendit
434 1070 485 1120 in
507 1069 763 1139 praeclara
782 1068 1024 1121 obeunda
1042 1083 1218 1121 morte
1239 1095 1256 1131 3
1300 1084 1463 1141 quam
1501 1070 1554 1122 &
1577 1069 1679 1123 fine
1698 1089 1814 1143 per-

175 1148 477 1200 turbatione
495 1143 799 1216 praesensit,
831 1146 884 1197 δέ.
905 1144 1095 1217 absque
1127 1146 1323 1198 timore
1357 1146 1721 1217 exspeclavit,
1757 1150 1815 1202 δι’

174 1222 575 1277 constantiffirne
607 1239 668 1274 ac
687 1220 993 1275 sanctissime
1027 1223 1275 1275 occubuit
1296 1265 1308 1277 .
1341 1224 1565 1277 Vixille
1590 1223 1814 1279 salutem

174 1302 323 1354 suam
365 1301 419 1351 in
460 1300 682 1372 aliquod
725 1298 1006 1352 discrimen
1050 1300 1341 1354 atldueiam
1385 1301 1481 1353 effe
1513 1303 1813 1367 intellexit,

175 1395 345 1450 quum
369 1376 417 1429 se
440 1381 555 1447 jam
579 1376 646 1429 ad
672 1379 851 1430 omnia
874 1392 1154 1448 promtum
1189 1393 1247 1428 ac
1268 1394 1517 1449 paratum
1540 1378 1633 1433 esse
1659 1421 1676 1442 ,
1702 1385 1819 1450 jam

175 1448 394 1510 Divinae
413 1455 680 1508 voluntati
701 1454 1028 1527 acquiescere
1049 1453 1303 1524 professus
1322 1456 1419 1509 est.
1463 1456 1606 1508 Mox
1640 1460 1818 1527 ingra-

175 1533 418 1586 vescente
442 1534 500 1585 vi
519 1534 693 1586 morbi
712 1574 728 1595 ‚
761 1534 954 1585 animae
980 1535 1221 1603 primum
1244 1571 1260 1591 ,
1290 1531 1379 1584 sua
1402 1537 1515 1601 jam
1549 1539 1600 1583 in
1620 1531 1817 1586 domum

176 1607 676 1684 Homim'profi’bi‘ione
697 1608 898 1661 laetantis
920 1650 935 1672 ‚
961 1625 1079 1662 tum
1104 1610 1157 1660 &
1173 1611 1397 1677 publicis
1417 1610 1686 1664 ditionum
1708 1611 1818 1666 sua-

175 1705 301 1742 rum
324 1727 339 1746 ‚
365 1691 418 1741 ὃ(
434 1690 664 1758 privatis
687 1686 946 1757 Augustae
968 1686 1204 1739 Familiae
1225 1688 1380 1739 rebus
1405 1688 1718 1758 tempestive
1755 1702 1817 1743 ac

173 1765 464 1837 tranquille
484 1765 753 1819 consulens
771 1807 786 1828 ,
804 1765 1050 1817 omnibus
1073 1764 1343 1832 religionis
1364 1806 1380 1826 ,
1403 1767 1638 1835 pietatis,
1652 1770 1816 1838 grati,

173 1860 235 1897 ac
272 1843 503 1896 liberalis
546 1844 712 1896 animi
751 1840 933 1895 officiis
974 1840 1228 1894 satisfecit
1261 1885 1273 1896 .
1319 1841 1426 1895 Ubi
1469 1860 1634 1907 verO,
1676 1846 1819 1899 inter

175 1923 470 1974 acerrimos
506 1922 804 1985 cruciatu5‚
839 1918 1087 1972 dissbluta
1108 1937 1242 1990 pene
1270 1924 1386 1988 jam
1408 1923 1650 1989 corporis
1672 1939 1817 1975 com-

174 2014 315 2070 page
336 2037 352 2058 ,
368 1997 652 2051 certiffima
670 1997 935 2051 moriendi
954 1997 1221 2051 necessitas
1244 1998 1321 2050 illi
1343 1996 1392 2049 se
1411 1998 1604 2050 obtulit
1620 2040 1635 2061 ‚
1666 1999 1817 2072 quos:

176 2092 300 2127 narn
320 2076 395 2127 illi
418 2074 587 2128 sensus
612 2077 803 2130 mortis
821 2074 1098 2147 praesentia
1125 2074 1406 2146 inspiravit
1424 2115 1442 2138 ,
1470 2090 1714 2146 quaenam
1740 2077 1818 2133 illi

176 2154 345 2205 verba
368 2150 631 2205 dietavit?
672 2150 969 2219 Gyamnzihi,
1006 2153 1114 2216 ait,
1143 2151 1341 2221 perinde
1375 2150 1464 2219 est,
1494 2169 1550 2202 ac
1571 2151 1616 2224 fi
1644 2152 1700 2206 de
1725 2173 1815 2206 ωηο

178 2236 228 2280 jn
247 2225 385 2280 aliud
400 2225 662 2280 cubiculum
684 2227 990 2300 migrandum
1001 2227 1128 2305 foret
1149 2272 1160 2283 .
1205 2233 1449 2281 Graviora
1468 2229 1660 2302 quidem
1668 2227 1815 2305 sunm

176 2324 276 2377 quae
311 2324 384 2358 me
410 2304 507 2374 post
541 2305 717 2359 obitum
754 2323 949 2359 manent
983 2329 997 2363 τ
1041 2306 1132 2359 Sed
1170 2317 1188 2375 ζ
1227 2305 1468 2361 crucifixi
1510 2307 1814 2364 Servatoris

177 2385 470 2453 imaginem
509 2399 634 2437 tunc
669 2386 989 2456 amplexus)
1034 2391 1084 2436 in
1119 2382 1235 2447 hoc,
1269 2385 1479 2457 inquit,
1520 2382 1718 2456 confido,
1762 2388 1812 2441 O

177 2461 379 2514 fortem
417 2463 788 2534 invictumque
821 2464 1088 2515 animum!
1134 2478 1164 2512 o
1206 2479 1465 2531 mag-nam
1490 2503 1506 2524 ‚
1546 2464 1818 2518 admiram·

179 2538 414 2611 darnque
433 2539 803 2594 constantiam?
851 2539 958 2591 Vel
990 2539 1204 2609 potiuS,
1246 2557 1501 2609 magnam
1525 2541 1671 2594 illam
1696 2543 1814 2614 qui-

179 2613 323 2677 dem,
340 2633 474 2669 nunc
493 2634 624 2670 vero
649 2619 823 2671 minus
840 2616 1145 2671 mirandam
1162 2656 1178 2678 ,
1197 2615 1412 2690 quando
1430 2615 1810 2677 firmissimum,

182 2707 288 2762 quo
310 2695 580 2747 nitebatur
601 2734 617 2756 ‚
651 2695 1063 2748 fundamentum
1097 2708 1441 2765 compertum
1483 2694 1580 2749 est.
1622 2695 1811 2768 Atque

179 2769 267 2822 ille
301 2771 523 2842 quidem
547 2773 648 2825 hac
666 2773 830 2825 animi
863 2771 1178 2841 fortitudine
1214 2770 1375 2844 usque
1414 2770 1819 2828 adextremurn¹

1713 2849 1811 2920 spi-
