1987 3006
181 195 541 250 irritamenta,
563 193 753 264 quibus
776 209 836 246 ea
851 191 1089 245 conditio
1110 233 1125 255 ,
1145 204 1303 262 atque
1320 188 1409 242 illa
1435 204 1561 244 aetas
1580 190 1817 245 sollicita-

180 288 271 327 tur
294 313 309 335 ‚
331 272 495 324 animi
516 271 717 323 virtute
738 268 1013 341 superavit
1035 310 1050 332 ‚
1079 286 1137 323 ac
1161 282 1337 322 totum
1350 272 1586 335 juventae
1606 268 1819 323 cursum

180 350 312 405 caste
334 351 648 419 integreque
670 346 941 415 transegit.
968 347 1022 397 A
1042 345 1245 398 deliciis
1266 362 1395 397 vero
1420 346 1625 418 semper
1647 364 1707 399 ac
1727 363 1818 398 vo-

181 428 478 498 luptatibus
499 423 789 495 longissime
825 423 990 477 abfuit
1015 451 1031 487 ,-
1077 441 1244 497 neque
1265 423 1364 476 alia
1386 426 1564 477 animo
1591 424 1818 477 levando

182 502 431 578 quaefivit
460 504 849 557 obleciamenta
868 541 883 563 ,
921 518 1086 573 quam
1113 519 1234 574 quae
1270 516 1360 552 aut
1381 516 1573 571 corpus
1603 501 1821 555 honesta

185 582 568 636 exercitatione
592 578 978 639 obfirmarem,
1003 592 1094 630 aut
1115 592 1349 631 mentem
1376 580 1587 631 utilibus
1611 597 1669 632 ac
1693 580 1820 631 libe-

187 660 386 714 ralibus
419 657 704 731 disciplinis
746 655 1097 709 instruerent.
1142 655 1262 728 Qia
1298 655 1519 725 quidem
1553 673 1621 708 ex
1643 673 1697 708 re
1716 655 1823 708 sru-

182 738 329 791 Ctum
364 739 699 790 uberrimum
735 751 794 787 ac
831 730 1310 803 praestantissimum
1347 733 1523 804 cepit.
1566 734 1650 786 Ita
1675 734 1818 786 enim

184 816 238 868 &
273 817 325 867 in
363 813 544 866 arduis
585 812 710 867 belli
752 811 1020 864 laboribus
1057 808 1391 872 tolerandiS,
1432 809 1822 883 periculisque-2

183 890 445 945 adeundis
481 932 496 954 ,
527 893 614 957 (in
640 904 745 962 quo
783 887 831 941 se
861 886 1076 940 cuilibet
1114 889 1369 958 gregario
1404 889 1566 941 militi
1587 886 1787 940 socium
1807 926 1822 947 ,

184 971 356 1022 immo
394 968 672 1038 exemplar
706 965 841 1036 saepe
877 965 1179 1035 praebuit,)
1212 964 1579 1035 patientissimi
1617 964 1824 1036 semper

185 1046 425 1116 corporis
456 1046 660 1098 viribus
684 1042 803 1097 usus
823 1042 924 1098 est:
967 1041 1021 1092 &2
1057 1044 1109 1096 in
1132 1040 1438 1095 sustinendis
1468 1043 1695 1095 maximi
1718 1043 1826 1096 Im-

185 1124 323 1194 perii
360 1123 532 1181 curis,
565 1138 668 1173 non
699 1118 866 1173 solum
900 1119 1234 1191 praesentiam
1261 1120 1460 1182 animi,
1503 1137 1562 1172 ac
1583 1118 1823 1173 sedulam

186 1200 394 1271 semper
426 1198 766 1269 vigilantiam
799 1195 1048 1269 praestare
1083 1214 1184 1250 non
1203 1194 1566 1261 detred'tavit3
1599 1196 1687 1249 sed
1718 1196 1824 1268 ipse

189 1276 255 1330 de
273 1277 497 1349 publicis
517 1277 670 1329 rebus
689 1274 881 1328 assidue
903 1274 1188 1337 meditari,
1212 1288 1373 1346 atque
1396 1277 1631 1346 optimas
1659 1275 1825 1345 expli-

187 1354 369 1408 candis
409 1354 642 1423 negociis
666 1353 899 1407 rationes
931 1352 1183 1405 invenire
1201 1368 1295 1424 per
1317 1351 1365 1405 se
1386 1354 1600 1423 potuit,
1635 1350 1826 1423 easque

188 1429 529 1486 consiliorum
549 1428 762 1484 suorum
787 1469 803 1492 ‚
842 1446 900 1482 ac
921 1445 1100 1484 rerum
1122 1428 1484 1500 gerendarum
1504 1428 1826 1483 administris

189 1506 529 1581 praescribere
548 1505 818 1560 consuevit
839 1507 952 1562 :Ita
973 1522 1033 1560 ut
1053 1507 1233 1560 omnia
1252 1546 1268 1567 ,
1284 1504 1388 1579 qua
1408 1511 1516 1574 ejus
1535 1507 1828 1576 imperium

187 1601 305 1640 erat
327 1626 343 1648 ,
379 1601 484 1640 non
517 1600 627 1641 tam
649 1585 790 1637 illius
810 1585 1057 1648 nomine,
1090 1601 1254 1656 quam
1288 1600 1355 1636 ex
1371 1584 1511 1636 illius
1541 1582 1828 1648 sententia,

186 1679 352 1736 atque
381 1667 491 1734 ejus
517 1663 834 1715 austoritate
872 1661 926 1712 &
963 1658 1177 1713 consilio
1209 1675 1554 1730 gererentur.
1583 1662 1829 1714 Tantum

184 1741 388 1798 scilicet
409 1741 648 1827 corporis
671 1739 942 1810 animique
963 1740 1160 1808 robur,
1184 1755 1456 1811 nunquam
1476 1753 1731 1792 enervata
1754 1739 1826 1791 in·-

187 1819 502 1889 tegerrimae
525 1817 656 1870 vitae
686 1833 1011 1890 morumque
1037 1813 1319 1869 severitate
1342 1814 1434 1868 fibi
1457 1817 1828 1886 comparavit.

367 1896 454 1951 Ac
495 1912 558 1947 ne
596 1891 770 1965 ipsum
812 1894 1033 1965 quidem
1074 1891 1433 1963 sapientissimi
1475 1894 1828 1965 Imperatoris

189 1975 366 2028 otium
400 1988 592 2043 expers
609 1988 846 2043 unquam
865 1970 967 2025 fuit
982 1969 1300 2033 honestatiS,
1334 1987 1394 2023 ac
1423 1969 1625 2024 laudiS.
1665 1969 1829 2043 Qod

192 2052 339 2103 enim
380 2062 593 2119 tempus
626 2066 658 2101 a
689 2049 1032 2118 gravioribus
1064 2050 1204 2102 curis
1226 2065 1461 2102 vacuum
1494 2048 1572 2100 illi
1590 2047 1692 2100 fuit
1714 2087 1730 2109 ,
1771 2047 1829 2100 id

190 2130 554 2182 litteratorum
578 2126 866 2178 hominum
889 2125 1167 2199 colloquiis
1184 2167 1200 2189 ,
1216 2142 1276 2178 ac
1294 2124 1716 2197 praestantiorum
1739 2125 1830 2177 do-

197 2206 492 2259 ‹f'trinarum
509 2201 688 2256 studiis
709 2203 942 2257 tribuere
960 2205 1013 2258 in
1032 2203 1233 2257 deliciis
1255 2205 1443 2257 habuit
1461 2244 1473 2256 .
1489 2202 1570 2255 Ex
1590 2219 1696 2275 quo
1717 2203 1830 2274 qui·

194 2281 321 2335 dem
352 2279 608 2353 principis
643 2296 863 2343 amore,
902 2282 1106 2334 mirum
1146 2294 1344 2353 quanta
1381 2279 1450 2332 ad
1484 2281 1828 2334 humaniores

192 2372 370 2423 arteS,
414 2354 814 2429 disciplinasque
858 2374 1042 2410 omnes
1086 2359 1289 2411 utilitas
1317 2359 1465 2411 venit
1488 2400 1499 2410 .
1544 2358 1829 2410 Sublevata

194 2431 855 2508 Imperialimunificentia
875 2433 1161 2490 dostorum
1181 2435 1429 2488 virorum
1451 2432 1678 2503 egestas:
1711 2437 1830 2487 con*—

191 2511 382 2584 quifita
401 2510 636 2585 undique
668 2525 831 2583 atque
848 2508 1107 2566 asservata
1131 2512 1395 2565 Romanae
1414 2552 1431 2573 ,
1460 2511 1665 2565 Graecae
1683 2553 1700 2575 ,
1720 2513 1830 2567 He-

191 2588 377 2643 truscae
409 2590 746 2662 antiquitatis
769 2603 1151 2644 monumenta:
1184 2587 1614 2641 Vindobonenfis
1635 2589 1829 2642 Biblio-

190 2666 347 2720 theca
377 2665 581 2722 infinita
613 2666 907 2720 Librorum
946 2683 1006 2720 ac
1039 2667 1198 2721 MSS.
1229 2666 1502 2721 Codicum
1543 2663 1826 2719 acceffione

191 2743 548 2816 locupletata,
583 2758 744 2816 atque
780 2741 1076 2803 studiorum
1117 2760 1177 2798 ac
1195 2742 1555 2800 studiosorum
1580 2743 1828 2797 omnium

1686 2835 1829 2872 com-
