1987 3006
935 178 952 237 <
982 172 1068 223 ΧΙ
1099 176 1116 232 )

184 244 283 316 >plo
308 245 501 315 praeire
520 272 536 306 3
576 243 933 314 augustissimo
972 248 1256 300 Dominici
1283 250 1548 323 Corporis
1580 254 1836 322 mysterio

190 320 566 392 impensiffima
603 322 778 374 cultus
811 340 870 376 ac
890 324 1167 394 religionis
1189 325 1438 398 obsequia
1471 332 1641 383 veteri
1658 331 1837 384 dome-

191 397 313 451 stico
336 399 587 469 exemplo
607 399 893 469 praestare3
929 402 996 454 ad
1018 420 1137 456 aras
1160 444 1177 465 ‚
1211 404 1259 454 in
1284 404 1530 475 Templis
1554 447 1570 468 ,
1603 409 1653 458 in
1673 409 1837 478 publi-

192 477 266 528 cis
287 476 780 547 supplicationibus‚
799 496 901 530 non
924 493 1034 531 tam
1058 480 1159 532 loci
1181 480 1465 550 dignitate,
1480 500 1643 553 quam
1668 486 1841 538 oculo-

188 570 313 605 rum
344 570 403 606 ac
428 555 594 607 totius
627 557 871 626 corporis
893 556 1202 610 demiffione
1231 575 1293 610 ac
1313 558 1566 612 modestia
1588 563 1834 614 omnibus

189 631 537 694 antecellere3
582 633 937 687 Praetorianos
962 635 1193 698 militeS,
1232 636 1433 690 milites
1457 677 1473 699 ,
1506 638 1726 710 inquam
1750 677 1765 697 ,
1785 640 1839 690 in

187 707 429 763 Ecclefiis
467 708 732 764 silentium
755 710 930 764 facere
951 753 967 775 ‚
996 729 1057 766 ac
1074 713 1313 776 debitam
1348 715 1476 770 locis
1495 716 1616 768 Deo
1640 716 1832 770 dicatis

191 789 591 841 venerationem
613 790 829 859 exigere
848 792 857 840 l

347 868 463 920 Nec
484 865 593 918 solo
613 868 865 938 exemplo
895 881 1058 941 atque
1075 871 1396 924 auctoritate
1425 870 1622 925 summi
1641 873 1837 925 Numi-

188 945 268 996 nis
301 945 508 997 cultum
529 962 730 1014 augere
762 963 823 998 ac
839 945 1081 1017 proferre
1100 945 1295 1018 sategit
1315 990 1326 1001 .
1371 949 1670 1003 Catholicae
1689 948 1838 1001 Fidei

187 1023 481 1092 puritatem
502 1061 517 1081 ,
561 1039 668 1094 qua
689 1024 753 1075 ab
784 1025 1071 1094 ingruente
1092 1024 1354 1078 haereseos
1388 1029 1706 1095 contagione
1744 1027 1837 1079 im-

186 1117 407 1152 munem
431 1098 669 1153 servavit
691 1128 709 1162 ,-
752 1118 860 1173 qua
877 1142 893 1163 ‚
911 1100 1142 1170 repressa
1161 1103 1543 1156 haereticorum
1576 1103 1799 1155 audacia
1818 1144 1835 1165 ,

187 1176 427 1230 defendit
444 1205 460 1240 3
479 1180 730 1232 excitatis
749 1179 876 1232 alibi
899 1177 1145 1249 Templis
1161 1222 1178 1242 ‚
1197 1179 1496 1233 Pastoribus
1517 1180 1835 1242 constitutiS,

185 1272 362 1307 annuo
388 1255 539 1308 censu
575 1257 839 1309 attributo
858 1298 875 1319 ,
908 1256 1302 1327 amplificavit:
1340 1256 1581 1310 Ecclesiae
1603 1259 1834 1310 muneri-

183 1335 283 1386 -bus
305 1348 399 1387 aut
422 1334 778 1405 dignitatibus
800 1333 971 1386 nullos
991 1334 1041 1385 se
1063 1336 1281 1389 auclore
1301 1337 1489 1404 augeri
1511 1335 1686 1387 voluit
1704 1374 1721 1396 ,
1744 1332 1836 1387 nifi

184 1425 320 1482 quos
360 1412 585 1466 noviffet
619 1411 879 1466 doetrinae
911 1427 972 1463 ac
990 1413 1274 1482 probitatis
1311 1411 1468 1464 laude
1491 1412 1837 1465 commenda-

183 1487 439 1544 tiffimos:
485 1491 780 1543 Societates
800 1487 1200 1558 Religiosorum
1234 1491 1510 1543 hominum
1531 1531 1549 1552 ,
1586 1506 1681 1559 per
1701 1504 1836 1561 quos

182 1565 340 1619 Fides
360 1583 419 1618 ac
443 1569 617 1621 Pietas
649 1568 703 1619 in
723 1567 939 1638 populis
958 1566 1345 1620 conservantur
1363 1581 1523 1639 atque
1546 1581 1833 1636 augentur,

183 1642 372 1698 favore
389 1685 405 1706 ,
434 1647 625 1716 opibus
645 1686 661 1707 ,
684 1645 886 1697 auxilio
905 1644 1047 1697 fovit
1067 1683 1081 1702 ,
1100 1644 1410 1697 sustentavit
1427 1684 1443 1706 ,
1472 1643 1684 1712 adjuvit
1704 1685 1715 1696 .

340 1722 488 1795 Qid
511 1739 613 1793 ego
638 1723 726 1774 hic
751 1721 840 1791 pia
859 1720 913 1772 &
933 1719 1180 1789 religiosa
1199 1720 1334 1774 bella
1358 1720 1658 1774 recenseam
1677 1760 1692 1780 ,
1717 1722 1833 1793 qui-

183 1800 281 1854 bus
317 1816 443 1854 cum
461 1801 770 1852 Turcarum
801 1797 1066 1866 Tyranno
1085 1838 1100 1859 ,
1143 1798 1404 1851 acerrimo
1429 1797 1587 1851 nostri
1603 1801 1833 1854 nominis

183 1876 332 1930 hoste
352 1919 368 1939 ,
385 1876 673 1931 conflixit?
707 1874 996 1948 Numquid
1019 1893 1087 1929 ex
1102 1875 1388 1929 hominum
1408 1877 1673 1929 memoria
1695 1879 1835 1930 exci-

183 1953 311 2009 diffe
330 1956 512 2027 potuit
544 1953 960 2008 formidolosum
983 1953 1118 2007 illud
1149 1968 1307 2026 atque
1329 1955 1550 2007 anxium
1573 1953 1834 2009 Christia-

182 2050 264 2087 nae
287 2033 621 2105 Reipublicae
641 2047 856 2102 tempus
876 2074 893 2096 ‚
923 2049 1094 2105 quum
1115 2032 1475 2104 Peloponneso
1501 2036 1618 2101 jam
1640 2044 1754 2086 tota
1778 2035 1833 2087 in

184 2111 494 2165 Turcarum
532 2111 848 2183 potestatem
882 2110 1132 2174 redacta,
1167 2109 1420 2180 Corcyra
1450 2108 1677 2168 obsess'a,
1722 2109 1833 2180 ipsa

177 2194 294 2259 jam
330 2191 490 2244 Italia
524 2190 797 2244 hostilium
838 2206 1120 2242 armorum
1154 2188 1403 2260 strepitus
1441 2187 1685 2249 audiret,
1719 2187 1830 2258 ipsa

184 2269 302 2321 haec
326 2269 578 2323 Romana
595 2269 773 2330 Urbs,
804 2267 1106 2337 Religionis
1132 2265 1281 2320 sedes
1302 2309 1317 2329 ‚
1352 2266 1650 2338 trepidaret
1668 2307 1684 2329 ,
1719 2267 1830 2318 uni-

183 2345 334 2399 versa
353 2347 580 2400 demum
601 2347 818 2417 Europa
841 2346 1089 2399 vistrices
1108 2344 1338 2399 hostium
1371 2346 1551 2415 copias
1573 2344 1830 2414 pertime-

184 2421 387 2478 sceret?
430 2426 493 2478 In
513 2439 661 2479 tanta
681 2422 925 2478 Ecclefiae
958 2424 1265 2476 calamitate
1282 2464 1298 2486 ,
1329 2424 1384 2476 in
1402 2423 1641 2476 maximo
1660 2421 1829 2474 Chri-

184 2501 476 2556 stianorum
519 2505 766 2557 omnium
809 2502 1047 2574 periculo
1079 2542 1096 2563 ,
1147 2502 1217 2554 ad
1257 2517 1422 2573 quem
1463 2498 1829 2571 potissimum„-

184 2595 413 2633 ventum
436 2580 533 2642 est,
572 2580 666 2635 nisi
691 2582 761 2635 ad
783 2581 1049 2636 Carolum
1068 2581 1447 2633 Romanorum
1472 2577 1689 2646 Regem
1711 2615 1726 2636 ,
1748 2592 1833 2628 cu-

177 2662 265 2727 jus
284 2657 558 2730 perspecta
576 2662 746 2731 pietas
780 2676 840 2712 ac
856 2661 1032 2713 virtus
1064 2658 1441 2711 communibus
1468 2654 1696 2709 fortunis
1714 2671 1831 2726 per-

184 2734 335 2806 fugio
359 2736 483 2791 esset
508 2743 524 2791 ?
568 2738 666 2792 Ad
684 2756 807 2793 eum
826 2738 997 2809 igitur
1024 2734 1394 2790 miffaelitterae
1418 2776 1434 2798 ‚
1452 2733 1715 2787 adornata
1738 2732 1836 2785 Le-

184 2814 339 2884 gatio
371 2857 390 2880 ,
442 2817 704 2873 maximae
737 2815 1072 2872 austoritatis
1113 2815 1354 2885 Legatus
1397 2830 1466 2867 ex
1507 2809 1829 2939 ampliffiglo

1784 2904 1836 2940 C-
